2015.02.16 03:00:00.342,0.93257,0.93298,1.00,1.37
2015.02.16 03:00:00.583,0.93252,0.93298,1.37,1.37
2015.02.16 03:00:00.642,0.93252,0.93298,1.12,1.50
2015.02.16 03:00:01.648,0.93247,0.93293,2.25,1.00
2015.02.16 03:00:01.799,0.93253,0.93297,1.37,1.37
2015.02.16 03:00:01.850,0.93253,0.93297,1.12,1.37
2015.02.16 03:00:02.196,0.93247,0.93293,2.25,1.00
2015.02.16 03:00:02.474,0.93247,0.93293,2.25,1.00
2015.02.16 03:00:02.695,0.93247,0.93293,2.25,1.00
2015.02.16 03:00:02.751,0.93247,0.93293,2.25,1.12
2015.02.16 03:00:03.253,0.93247,0.93293,2.25,1.37
2015.02.16 03:00:03.355,0.93247,0.93293,2.25,1.12
2015.02.16 03:00:03.456,0.93247,0.93293,2.25,1.37
2015.02.16 03:00:03.964,0.93252,0.93298,1.37,1.50
2015.02.16 03:00:04.374,0.93248,0.93292,1.50,1.37
2015.02.16 03:00:04.857,0.93248,0.93292,1.75,1.00
2015.02.16 03:00:05.394,0.93248,0.93292,1.75,1.12
2015.02.16 03:00:05.884,0.93252,0.93298,1.37,1.37
2015.02.16 03:00:06.214,0.93252,0.93298,1.37,1.37
2015.02.16 03:00:06.566,0.93252,0.93298,1.37,1.37
2015.02.16 03:00:06.717,0.93252,0.93303,1.37,2.25
2015.02.16 03:00:06.868,0.93252,0.93298,1.37,1.00
2015.02.16 03:00:07.176,0.93252,0.93298,1.50,1.12
2015.02.16 03:00:08.715,0.93252,0.93298,1.75,1.12
2015.02.16 03:00:09.933,0.93253,0.93297,1.50,1.00
2015.02.16 03:00:10.865,0.93252,0.93298,1.75,1.12
2015.02.16 03:00:11.328,0.93262,0.93308,1.00,1.75
2015.02.16 03:00:11.863,0.93263,0.93307,1.00,1.75
2015.02.16 03:00:13.898,0.93263,0.93307,1.00,1.50
2015.02.16 03:00:36.045,0.93263,0.93307,1.00,1.75
2015.02.16 03:00:40.345,0.93257,0.93303,1.37,1.37
2015.02.16 03:00:53.694,0.93262,0.93308,1.00,2.25
2015.02.16 03:00:58.823,0.93263,0.93307,1.00,1.75
2015.02.16 03:00:59.077,0.93263,0.93307,1.00,1.75
2015.02.16 03:00:59.373,0.93258,0.93302,1.37,1.37
2015.02.16 03:01:00.080,0.93257,0.93303,1.37,1.37
2015.02.16 03:01:00.417,0.93258,0.93302,1.12,1.37
2015.02.16 03:01:04.388,0.93258,0.93302,1.12,1.37
2015.02.16 03:01:06.720,0.93258,0.93302,1.37,1.37
2015.02.16 03:01:07.406,0.93262,0.93308,1.37,1.87
2015.02.16 03:01:12.836,0.93258,0.93302,1.50,1.00
2015.02.16 03:01:13.355,0.93262,0.93308,1.37,1.87
2015.02.16 03:01:13.865,0.93258,0.93302,1.50,1.00
2015.02.16 03:01:14.016,0.93262,0.93308,1.37,1.87
2015.02.16 03:01:14.570,0.93258,0.93302,1.75,1.00
2015.02.16 03:01:15.954,0.93258,0.93302,1.50,1.12
2015.02.16 03:01:16.913,0.93256,0.93297,2.10,1.00
2015.02.16 03:01:17.098,0.93258,0.93302,1.50,1.12
2015.02.16 03:01:20.822,0.93257,0.93303,1.75,1.12
2015.02.16 03:01:21.595,0.93258,0.93302,1.75,1.00
2015.02.16 03:01:23.132,0.93256,0.93298,2.10,1.00
2015.02.16 03:01:23.352,0.93258,0.93302,1.75,1.00
2015.02.16 03:01:24.127,0.93256,0.93298,2.10,1.00
2015.02.16 03:01:24.343,0.93258,0.93302,1.75,1.00
2015.02.16 03:01:25.112,0.93256,0.93297,2.10,1.00
2015.02.16 03:01:25.333,0.93257,0.93303,1.75,1.12
2015.02.16 03:01:25.882,0.93256,0.93297,1.35,1.00
2015.02.16 03:01:26.102,0.93258,0.93302,1.75,1.00
2015.02.16 03:01:28.650,0.93257,0.93303,1.75,1.12
2015.02.16 03:01:29.212,0.93258,0.93302,1.75,1.00
2015.02.16 03:01:31.382,0.93257,0.93303,1.75,1.12
2015.02.16 03:01:32.372,0.93258,0.93302,1.75,1.00
2015.02.16 03:01:32.943,0.93257,0.93303,1.75,1.12
2015.02.16 03:01:33.346,0.93257,0.93303,1.75,1.12
2015.02.16 03:01:33.447,0.93257,0.93303,1.37,1.37
2015.02.16 03:01:34.133,0.93256,0.93297,2.10,1.00
2015.02.16 03:01:34.456,0.93257,0.93297,1.37,1.00
2015.02.16 03:01:34.576,0.93258,0.93302,1.37,1.37
2015.02.16 03:01:35.562,0.93257,0.93297,1.37,1.00
2015.02.16 03:01:37.675,0.93257,0.93298,1.37,1.00
2015.02.16 03:01:38.227,0.93257,0.93297,1.37,1.00
2015.02.16 03:01:39.859,0.93257,0.93298,1.37,1.00
2015.02.16 03:01:40.325,0.93258,0.93302,1.37,1.37
2015.02.16 03:01:40.643,0.93257,0.93297,1.37,1.00
2015.02.16 03:01:41.062,0.93257,0.93303,1.37,1.37
2015.02.16 03:01:42.052,0.93257,0.93297,1.37,1.00
2015.02.16 03:01:42.382,0.93257,0.93303,1.87,1.37
2015.02.16 03:01:42.829,0.93257,0.93297,1.37,1.00
2015.02.16 03:01:43.372,0.93257,0.93303,1.37,1.37
2015.02.16 03:01:45.915,0.93257,0.93297,1.37,1.00
2015.02.16 03:01:46.142,0.93257,0.93303,1.87,1.37
2015.02.16 03:01:46.342,0.93256,0.93298,1.37,1.00
2015.02.16 03:01:46.915,0.93258,0.93302,1.37,1.37
2015.02.16 03:01:47.352,0.93256,0.93298,1.37,1.00
2015.02.16 03:01:47.552,0.93257,0.93303,1.87,1.37
2015.02.16 03:01:47.920,0.93257,0.93297,1.37,1.00
2015.02.16 03:01:48.322,0.93257,0.93303,1.37,1.37
2015.02.16 03:01:48.885,0.93257,0.93298,1.37,1.00
2015.02.16 03:01:49.312,0.93257,0.93303,1.87,1.37
2015.02.16 03:01:51.662,0.93256,0.93298,1.37,1.00
2015.02.16 03:01:52.106,0.93257,0.93303,1.37,1.37
2015.02.16 03:01:52.613,0.93257,0.93303,1.37,1.37
2015.02.16 03:01:54.381,0.93255,0.93298,1.37,1.00
2015.02.16 03:01:54.713,0.93256,0.93297,1.37,1.00
2015.02.16 03:01:55.320,0.93256,0.93298,1.37,1.00
2015.02.16 03:01:55.442,0.93255,0.93298,1.50,1.00
2015.02.16 03:01:56.152,0.93255,0.93297,1.50,1.00
2015.02.16 03:01:59.661,0.93255,0.93298,1.50,1.00
2015.02.16 03:02:00.878,0.93255,0.93297,1.50,1.00
2015.02.16 03:02:02.413,0.93255,0.93298,1.50,1.00
2015.02.16 03:02:03.062,0.93256,0.93297,1.37,1.00
2015.02.16 03:02:03.582,0.93255,0.93298,1.50,1.00
2015.02.16 03:02:04.234,0.93256,0.93297,1.37,1.00
2015.02.16 03:02:04.822,0.93255,0.93298,1.50,1.00
2015.02.16 03:02:05.372,0.93256,0.93297,1.37,1.00
2015.02.16 03:02:07.912,0.93256,0.93298,1.37,1.00
2015.02.16 03:02:08.470,0.93256,0.93297,1.37,1.00
2015.02.16 03:02:13.335,0.93256,0.93298,1.37,1.00
2015.02.16 03:02:13.587,0.93256,0.93298,1.37,1.12
2015.02.16 03:02:16.966,0.93252,0.93298,2.25,1.00
2015.02.16 03:02:17.267,0.93252,0.93298,2.25,1.00
2015.02.16 03:02:17.412,0.93252,0.93298,2.25,1.00
2015.02.16 03:02:18.072,0.93253,0.93297,1.75,1.00
2015.02.16 03:02:20.127,0.93252,0.93298,2.25,1.00
2015.02.16 03:02:30.342,0.93258,0.93302,1.37,1.37
2015.02.16 03:02:30.707,0.93258,0.93302,1.37,1.37
2015.02.16 03:02:31.011,0.93252,0.93298,3.00,1.00
2015.02.16 03:02:31.551,0.93253,0.93297,1.75,1.00
2015.02.16 03:02:31.723,0.93253,0.93297,1.75,1.00
2015.02.16 03:02:32.333,0.93253,0.93298,1.75,1.00
2015.02.16 03:02:33.652,0.93253,0.93297,2.25,1.00
2015.02.16 03:02:34.301,0.93253,0.93298,1.75,1.00
2015.02.16 03:02:35.291,0.93253,0.93297,1.75,1.00
2015.02.16 03:02:35.841,0.93252,0.93298,1.75,1.00
2015.02.16 03:02:41.205,0.93252,0.93298,1.75,1.00
2015.02.16 03:02:41.341,0.93258,0.93302,1.50,1.37
2015.02.16 03:02:42.108,0.93258,0.93302,1.37,1.37
2015.02.16 03:02:44.311,0.93253,0.93297,1.75,1.00
2015.02.16 03:02:45.041,0.93257,0.93303,1.37,1.37
2015.02.16 03:02:45.399,0.93253,0.93297,1.75,1.00
2015.02.16 03:02:46.371,0.93252,0.93298,1.75,1.00
2015.02.16 03:02:47.572,0.93257,0.93303,1.37,1.37
2015.02.16 03:02:51.311,0.93263,0.93302,1.00,1.37
2015.02.16 03:02:52.081,0.93257,0.93303,1.37,1.37
2015.02.16 03:02:52.311,0.93258,0.93302,1.00,1.50
2015.02.16 03:02:52.851,0.93253,0.93297,1.37,1.12
2015.02.16 03:02:58.816,0.93257,0.93303,1.12,1.37
2015.02.16 03:02:59.121,0.93253,0.93297,1.37,1.00
2015.02.16 03:03:01.321,0.93258,0.93302,1.00,1.37
2015.02.16 03:03:03.301,0.93252,0.93298,3.00,1.00
2015.02.16 03:03:03.850,0.93258,0.93302,1.37,1.37
2015.02.16 03:03:11.881,0.93253,0.93297,1.75,1.00
2015.02.16 03:03:12.088,0.93253,0.93297,1.37,1.12
2015.02.16 03:03:12.602,0.93258,0.93297,1.00,1.37
2015.02.16 03:03:17.218,0.93258,0.93297,1.00,1.37
2015.02.16 03:03:17.529,0.93258,0.93297,1.00,1.75
2015.02.16 03:03:17.630,0.93252,0.93293,1.00,1.37
2015.02.16 03:03:19.709,0.93252,0.93293,1.12,1.37
2015.02.16 03:03:23.320,0.93257,0.93298,1.00,1.75
2015.02.16 03:03:23.876,0.93258,0.93297,1.00,1.75
2015.02.16 03:03:25.300,0.93257,0.93298,1.00,1.75
2015.02.16 03:03:31.240,0.93258,0.93297,1.00,1.75
2015.02.16 03:03:34.872,0.93263,0.93301,1.00,1.35
2015.02.16 03:03:35.356,0.93263,0.93301,1.00,1.35
2015.02.16 03:03:36.261,0.93263,0.93301,1.00,1.35
2015.02.16 03:03:45.018,0.93263,0.933,1.00,1.75
2015.02.16 03:03:50.380,0.93257,0.93298,1.00,1.75
2015.02.16 03:03:50.702,0.93257,0.93299,1.00,1.75
2015.02.16 03:03:50.823,0.93253,0.93297,1.00,1.75
2015.02.16 03:03:51.003,0.93253,0.93297,1.12,1.75
2015.02.16 03:03:51.370,0.93258,0.93297,1.00,1.75
2015.02.16 03:03:56.320,0.93257,0.93298,1.00,1.75
2015.02.16 03:03:59.841,0.93258,0.93297,1.00,1.75
2015.02.16 03:04:00.610,0.93257,0.93298,1.00,1.75
2015.02.16 03:04:08.140,0.93253,0.93297,1.37,1.37
2015.02.16 03:04:08.308,0.93262,0.93302,1.00,1.75
2015.02.16 03:04:09.112,0.93262,0.93301,1.00,1.75
2015.02.16 03:04:19.745,0.93262,0.93303,1.00,1.75
2015.02.16 03:04:36.788,0.93262,0.93303,1.00,1.75
2015.02.16 03:04:36.889,0.93258,0.93302,1.37,1.37
2015.02.16 03:04:36.990,0.93258,0.93302,1.50,1.00
2015.02.16 03:04:37.349,0.93273,0.93312,1.00,1.87
2015.02.16 03:04:38.095,0.93273,0.93312,1.00,1.87
2015.02.16 03:04:38.613,0.93272,0.93312,1.00,1.12
2015.02.16 03:04:42.321,0.93273,0.93312,1.00,1.75
2015.02.16 03:04:43.205,0.93273,0.93312,1.00,1.75
2015.02.16 03:04:43.841,0.93272,0.93313,1.00,2.10
2015.02.16 03:05:01.109,0.93273,0.93312,1.00,1.75
2015.02.16 03:05:02.362,0.93267,0.93308,1.00,1.37
2015.02.16 03:05:10.460,0.93272,0.93313,1.00,1.75
2015.02.16 03:05:12.550,0.93273,0.93312,1.00,1.75
2015.02.16 03:05:15.452,0.93272,0.93313,1.00,1.87
2015.02.16 03:05:18.844,0.93272,0.93313,1.00,1.75
2015.02.16 03:05:18.895,0.93278,0.93314,1.00,1.12
2015.02.16 03:05:19.087,0.93273,0.93314,1.00,1.12
2015.02.16 03:05:19.188,0.93273,0.93314,1.00,1.37
2015.02.16 03:05:19.360,0.93273,0.93315,1.12,1.12
2015.02.16 03:05:19.747,0.93273,0.93317,1.12,1.37
2015.02.16 03:05:21.080,0.93273,0.93317,1.37,1.37
2015.02.16 03:05:21.611,0.93273,0.93317,1.37,1.37
2015.02.16 03:05:21.762,0.93273,0.93317,1.37,1.37
2015.02.16 03:05:21.881,0.93273,0.93317,1.35,1.00
2015.02.16 03:05:22.380,0.93273,0.93312,1.00,1.00
2015.02.16 03:05:22.857,0.93273,0.93312,1.00,1.37
2015.02.16 03:05:23.191,0.93273,0.93317,1.00,1.75
2015.02.16 03:05:23.460,0.93273,0.93312,1.12,1.37
2015.02.16 03:05:23.560,0.93273,0.93312,1.00,1.50
2015.02.16 03:05:23.610,0.93267,0.93313,1.37,1.75
2015.02.16 03:05:23.661,0.93267,0.93313,1.37,1.37
2015.02.16 03:05:23.762,0.93267,0.93313,1.37,1.37
2015.02.16 03:05:23.812,0.93277,0.93318,1.00,2.25
2015.02.16 03:05:24.366,0.93278,0.93317,1.00,1.50
2015.02.16 03:05:24.893,0.93278,0.93317,1.00,1.37
2015.02.16 03:05:25.177,0.93278,0.93317,1.12,1.37
2015.02.16 03:05:27.269,0.93278,0.93317,1.00,1.12
2015.02.16 03:05:27.389,0.93277,0.93323,1.00,2.25
2015.02.16 03:05:27.550,0.93273,0.93317,1.72,1.75
2015.02.16 03:05:27.674,0.93273,0.93317,1.72,1.37
2015.02.16 03:05:27.900,0.93278,0.93317,1.00,1.37
2015.02.16 03:05:28.222,0.93277,0.93318,1.00,1.75
2015.02.16 03:05:28.565,0.93282,0.93323,1.00,2.25
2015.02.16 03:05:28.871,0.93278,0.93317,1.12,1.37
2015.02.16 03:05:30.177,0.93278,0.93322,1.00,1.75
2015.02.16 03:05:30.300,0.93268,0.93317,3.22,1.37
2015.02.16 03:05:30.401,0.93273,0.93317,1.67,1.37
2015.02.16 03:05:31.782,0.93277,0.93318,1.00,1.37
2015.02.16 03:05:32.091,0.93273,0.93317,1.35,1.50
2015.02.16 03:05:32.421,0.93278,0.93317,1.00,1.37
2015.02.16 03:05:32.761,0.93278,0.93322,1.00,1.75
2015.02.16 03:05:32.829,0.93273,0.93317,1.35,1.75
2015.02.16 03:05:33.160,0.93278,0.93317,1.00,1.50
2015.02.16 03:05:33.430,0.93278,0.93317,1.00,1.37
2015.02.16 03:05:35.030,0.93277,0.93323,1.00,2.25
2015.02.16 03:05:35.090,0.93277,0.93323,1.00,2.25
2015.02.16 03:05:35.360,0.93268,0.93312,1.37,1.12
2015.02.16 03:05:35.580,0.93273,0.93312,1.00,1.12
2015.02.16 03:05:36.255,0.93273,0.93312,1.12,1.37
2015.02.16 03:05:38.110,0.93277,0.93318,1.00,1.75
2015.02.16 03:05:43.141,0.93277,0.93318,1.00,1.50
2015.02.16 03:05:43.390,0.93283,0.93322,1.00,1.75
2015.02.16 03:05:43.617,0.93277,0.93318,1.00,1.50
2015.02.16 03:05:46.321,0.93277,0.93318,1.00,1.75
2015.02.16 03:05:46.600,0.93272,0.93313,1.37,1.37
2015.02.16 03:05:47.426,0.93273,0.93317,1.00,1.75
2015.02.16 03:05:47.956,0.93272,0.93313,1.00,1.37
2015.02.16 03:05:51.539,0.93272,0.93313,1.37,1.37
2015.02.16 03:05:53.620,0.93265,0.93308,1.35,1.00
2015.02.16 03:05:53.844,0.93273,0.93312,1.12,1.37
2015.02.16 03:05:54.369,0.93273,0.93312,1.37,1.00
2015.02.16 03:05:55.875,0.93268,0.93312,1.37,1.37
2015.02.16 03:05:56.182,0.93268,0.93307,1.37,1.00
2015.02.16 03:05:56.594,0.93273,0.93312,1.00,1.37
2015.02.16 03:06:01.900,0.93268,0.93307,1.37,1.00
2015.02.16 03:06:04.080,0.93273,0.93312,1.00,1.37
2015.02.16 03:06:22.169,0.93273,0.93312,1.00,1.37
2015.02.16 03:06:22.333,0.93267,0.93308,1.37,1.00
2015.02.16 03:06:22.879,0.93268,0.93307,1.37,1.00
2015.02.16 03:06:22.985,0.93267,0.93308,1.12,1.37
2015.02.16 03:06:23.200,0.93268,0.93307,1.00,1.37
2015.02.16 03:06:25.089,0.93267,0.93308,1.00,1.37
2015.02.16 03:06:31.572,0.93262,0.93308,1.37,1.37
2015.02.16 03:06:31.920,0.93267,0.93308,1.12,1.37
2015.02.16 03:06:32.479,0.93268,0.93307,1.00,1.37
2015.02.16 03:06:33.722,0.93263,0.93307,1.75,1.00
2015.02.16 03:06:33.882,0.93267,0.93313,1.37,1.37
2015.02.16 03:06:33.932,0.93267,0.93313,1.00,2.25
2015.02.16 03:06:34.102,0.93262,0.93303,1.37,1.37
2015.02.16 03:06:34.320,0.93258,0.93297,1.50,1.00
2015.02.16 03:06:34.424,0.93258,0.93297,1.37,1.00
2015.02.16 03:06:34.926,0.93258,0.93297,1.37,1.00
2015.02.16 03:06:35.312,0.93262,0.93303,1.12,1.37
2015.02.16 03:06:35.530,0.93257,0.93298,1.50,1.00
2015.02.16 03:06:35.642,0.93262,0.93303,1.12,1.37
2015.02.16 03:06:39.614,0.93263,0.93302,1.00,1.12
2015.02.16 03:06:40.150,0.93267,0.93308,1.00,2.10
2015.02.16 03:06:40.736,0.93268,0.93307,1.00,1.50
2015.02.16 03:06:45.099,0.93267,0.93308,1.00,2.10
2015.02.16 03:06:49.637,0.93273,0.9331,1.12,1.10
2015.02.16 03:06:50.030,0.93282,0.93313,1.00,1.12
2015.02.16 03:06:50.248,0.93282,0.93318,1.00,1.35
2015.02.16 03:06:50.970,0.93283,0.93318,1.00,1.35
2015.02.16 03:06:54.710,0.93282,0.93318,1.00,1.35
2015.02.16 03:06:58.879,0.93282,0.93317,1.00,1.67
2015.02.16 03:06:58.979,0.93278,0.93317,1.00,2.10
2015.02.16 03:07:01.909,0.93278,0.9332,1.37,3.15
2015.02.16 03:07:02.009,0.93282,0.93326,1.00,1.35
2015.02.16 03:07:02.343,0.93288,0.93328,1.00,1.35
2015.02.16 03:07:02.393,0.93288,0.93329,1.00,1.65
2015.02.16 03:07:02.650,0.93293,0.93332,1.00,1.50
2015.02.16 03:07:02.995,0.93293,0.93335,1.00,1.67
2015.02.16 03:07:03.161,0.93293,0.93335,1.00,1.35
2015.02.16 03:07:05.594,0.93293,0.93332,1.00,1.37
2015.02.16 03:07:05.920,0.93303,0.93344,1.00,1.35
2015.02.16 03:07:05.971,0.93297,0.93343,1.12,1.75
2015.02.16 03:07:06.021,0.93297,0.93343,1.37,1.50
2015.02.16 03:07:06.122,0.93292,0.93342,1.00,1.35
2015.02.16 03:07:06.223,0.93292,0.93339,1.00,1.35
2015.02.16 03:07:06.391,0.93288,0.93337,1.75,1.37
2015.02.16 03:07:06.910,0.93298,0.93342,1.00,1.75
2015.02.16 03:07:06.961,0.93293,0.93337,1.12,1.37
2015.02.16 03:07:07.580,0.93297,0.9334,1.00,1.75
2015.02.16 03:07:07.711,0.93297,0.93343,1.60,1.00
2015.02.16 03:07:07.812,0.93318,0.9337,1.00,2.36
2015.02.16 03:07:08.018,0.93357,0.93416,1.45,1.00
2015.02.16 03:07:08.069,0.93378,0.93416,1.00,1.00
2015.02.16 03:07:08.170,0.93358,0.93407,1.45,1.00
2015.02.16 03:07:08.220,0.93358,0.93398,1.45,1.00
2015.02.16 03:07:08.271,0.93358,0.93398,1.00,1.00
2015.02.16 03:07:08.372,0.93341,0.93382,1.00,1.00
2015.02.16 03:07:08.549,0.93347,0.93382,2.10,1.00
2015.02.16 03:07:08.600,0.93347,0.93398,2.10,1.00
2015.02.16 03:07:08.701,0.93349,0.93408,1.60,1.50
2015.02.16 03:07:08.809,0.93377,0.93423,1.00,1.00
2015.02.16 03:07:09.111,0.93383,0.93422,1.00,1.00
2015.02.16 03:07:09.362,0.93383,0.93437,1.00,1.00
2015.02.16 03:07:09.592,0.93403,0.93442,1.00,1.00
2015.02.16 03:07:09.912,0.93408,0.93457,1.00,1.00
2015.02.16 03:07:10.112,0.93417,0.93463,1.00,1.00
2015.02.16 03:07:10.491,0.93413,0.93457,1.00,1.00
2015.02.16 03:07:10.921,0.93407,0.93463,1.00,1.00
2015.02.16 03:07:10.971,0.93407,0.93461,1.00,1.75
2015.02.16 03:07:11.132,0.93392,0.93448,1.00,1.75
2015.02.16 03:07:11.652,0.93393,0.93432,1.00,1.00
2015.02.16 03:07:12.191,0.93387,0.93433,1.00,1.00
2015.02.16 03:07:12.342,0.93382,0.93433,1.00,1.00
2015.02.16 03:07:12.678,0.93393,0.93437,1.00,1.00
2015.02.16 03:07:13.079,0.93382,0.93423,1.00,1.00
2015.02.16 03:07:13.476,0.93383,0.93422,1.00,1.37
2015.02.16 03:07:13.650,0.93378,0.93422,1.00,2.47
2015.02.16 03:07:13.755,0.93378,0.93413,1.00,2.85
2015.02.16 03:07:13.856,0.93358,0.93407,1.00,1.00
2015.02.16 03:07:14.035,0.93358,0.93402,1.00,1.00
2015.02.16 03:07:14.086,0.93347,0.93402,1.00,1.00
2015.02.16 03:07:14.136,0.93347,0.93395,1.00,1.00
2015.02.16 03:07:14.237,0.93359,0.93408,1.00,1.00
2015.02.16 03:07:14.338,0.93363,0.93407,1.00,1.00
2015.02.16 03:07:14.644,0.93338,0.93387,1.00,1.00
2015.02.16 03:07:14.745,0.93338,0.93384,1.00,1.00
2015.02.16 03:07:14.846,0.93333,0.93384,1.00,1.00
2015.02.16 03:07:14.947,0.93333,0.93376,1.00,1.00
2015.02.16 03:07:15.150,0.93333,0.9338,1.00,1.00
2015.02.16 03:07:15.347,0.93333,0.93376,1.00,1.00
2015.02.16 03:07:15.628,0.93323,0.93376,1.00,1.00
2015.02.16 03:07:15.679,0.93323,0.9337,1.00,1.00
2015.02.16 03:07:16.049,0.93323,0.93365,1.00,1.00
2015.02.16 03:07:16.379,0.93313,0.93365,1.37,1.00
2015.02.16 03:07:16.430,0.93313,0.93365,1.00,1.37
2015.02.16 03:07:16.748,0.93307,0.93365,1.37,1.37
2015.02.16 03:07:16.933,0.93307,0.93365,1.00,1.50
2015.02.16 03:07:17.398,0.93313,0.93357,1.00,1.00
2015.02.16 03:07:17.718,0.93308,0.93352,1.00,1.00
2015.02.16 03:07:18.414,0.93307,0.93353,1.00,1.00
2015.02.16 03:07:18.723,0.93317,0.93353,1.00,1.00
2015.02.16 03:07:18.824,0.93317,0.93376,1.37,1.00
2015.02.16 03:07:18.875,0.9331,0.93369,1.75,1.00
2015.02.16 03:07:19.177,0.93335,0.93387,1.00,1.00
2015.02.16 03:07:19.265,0.93331,0.93387,1.00,1.00
2015.02.16 03:07:19.368,0.93331,0.93377,1.00,1.00
2015.02.16 03:07:19.418,0.93328,0.93377,1.00,1.00
2015.02.16 03:07:19.599,0.93325,0.93373,1.00,1.00
2015.02.16 03:07:20.118,0.93325,0.93372,1.00,1.00
2015.02.16 03:07:20.330,0.9332,0.93372,1.37,1.00
2015.02.16 03:07:20.384,0.9332,0.93372,1.37,1.37
2015.02.16 03:07:20.686,0.93318,0.93371,1.37,1.37
2015.02.16 03:07:21.287,0.93317,0.93371,1.37,1.37
2015.02.16 03:07:21.846,0.93317,0.93371,1.37,1.37
2015.02.16 03:07:21.990,0.93317,0.93371,1.37,1.37
2015.02.16 03:07:22.195,0.93318,0.93371,1.00,1.37
2015.02.16 03:07:22.498,0.93317,0.93366,1.00,1.37
2015.02.16 03:07:22.662,0.93312,0.93366,1.12,1.50
2015.02.16 03:07:22.831,0.93312,0.93366,1.00,1.75
2015.02.16 03:07:22.882,0.93307,0.93366,1.50,1.75
2015.02.16 03:07:22.998,0.93307,0.93358,1.00,1.00
2015.02.16 03:07:23.051,0.93307,0.93364,1.00,1.12
2015.02.16 03:07:23.152,0.93311,0.93367,1.00,1.37
2015.02.16 03:07:23.294,0.93311,0.93367,1.00,1.00
2015.02.16 03:07:23.345,0.93323,0.93367,1.00,1.00
2015.02.16 03:07:23.673,0.93326,0.93372,1.00,1.00
2015.02.16 03:07:23.900,0.93338,0.93377,1.00,1.00
2015.02.16 03:07:24.684,0.93337,0.93378,1.00,1.00
2015.02.16 03:07:25.522,0.93337,0.93378,1.37,1.00
2015.02.16 03:07:25.658,0.93342,0.93383,1.00,1.00
2015.02.16 03:07:25.878,0.93338,0.93382,1.37,1.00
2015.02.16 03:07:26.080,0.93333,0.93382,1.12,1.00
2015.02.16 03:07:26.388,0.93343,0.93382,1.00,1.00
2015.02.16 03:07:26.732,0.93343,0.93375,1.00,2.10
2015.02.16 03:07:26.832,0.93322,0.93381,1.00,1.37
2015.02.16 03:07:26.883,0.93318,0.93368,1.00,1.00
2015.02.16 03:07:27.096,0.93307,0.9336,1.00,1.00
2015.02.16 03:07:27.197,0.93307,0.93357,1.00,1.00
2015.02.16 03:07:27.588,0.93307,0.9335,1.00,1.00
2015.02.16 03:07:27.638,0.93297,0.9335,1.00,1.00
2015.02.16 03:07:27.689,0.93297,0.93346,1.00,1.00
2015.02.16 03:07:27.849,0.93283,0.93341,1.75,1.00
2015.02.16 03:07:28.007,0.93289,0.93346,1.37,1.00
2015.02.16 03:07:28.835,0.93289,0.93346,1.75,1.37
2015.02.16 03:07:28.941,0.93289,0.93346,1.75,1.37
2015.02.16 03:07:29.042,0.93289,0.93346,1.75,1.37
2015.02.16 03:07:29.436,0.93293,0.93352,1.75,1.37
2015.02.16 03:07:29.537,0.93293,0.93352,1.75,1.37
2015.02.16 03:07:30.118,0.93293,0.93352,1.75,1.37
2015.02.16 03:07:30.448,0.93293,0.93352,1.75,1.37
2015.02.16 03:07:30.540,0.93293,0.93352,1.37,1.75
2015.02.16 03:07:30.640,0.93293,0.93352,1.37,1.75
2015.02.16 03:07:31.170,0.93297,0.93352,1.00,1.75
2015.02.16 03:07:31.743,0.93293,0.93355,1.37,1.75
2015.02.16 03:07:32.129,0.93298,0.93355,1.00,1.75
2015.02.16 03:07:32.329,0.93293,0.93355,1.37,1.75
2015.02.16 03:07:32.380,0.93293,0.93355,1.37,1.75
2015.02.16 03:07:32.588,0.93293,0.93352,1.37,1.75
2015.02.16 03:07:33.679,0.93287,0.93353,1.75,1.75
2015.02.16 03:07:34.149,0.93287,0.93353,1.75,1.75
2015.02.16 03:07:34.450,0.93287,0.93353,1.75,1.75
2015.02.16 03:07:34.750,0.93287,0.93353,1.75,1.75
2015.02.16 03:07:35.593,0.93284,0.93355,1.75,1.75
2015.02.16 03:07:35.694,0.93284,0.93355,1.75,1.75
2015.02.16 03:07:35.989,0.93284,0.93343,1.75,1.37
2015.02.16 03:07:36.309,0.93284,0.93343,1.75,1.37
2015.02.16 03:07:36.648,0.93284,0.93353,1.75,1.75
2015.02.16 03:07:36.878,0.93284,0.93353,1.75,1.75
2015.02.16 03:07:36.929,0.93303,0.93355,1.00,1.75
2015.02.16 03:07:37.322,0.93308,0.93355,1.00,1.75
2015.02.16 03:07:37.429,0.93308,0.93355,1.00,1.75
2015.02.16 03:07:38.694,0.93308,0.93355,1.00,1.00
2015.02.16 03:07:38.795,0.93308,0.93362,1.37,1.00
2015.02.16 03:07:38.908,0.93297,0.93363,1.75,1.00
2015.02.16 03:07:38.958,0.933,0.93368,1.75,1.12
2015.02.16 03:07:39.009,0.933,0.93368,1.75,1.00
2015.02.16 03:07:39.110,0.93313,0.93372,1.75,1.50
2015.02.16 03:07:39.211,0.93313,0.93372,1.00,1.00
2015.02.16 03:07:39.311,0.93305,0.93363,1.00,1.00
2015.02.16 03:07:39.412,0.93292,0.93356,1.00,1.00
2015.02.16 03:07:39.671,0.93283,0.93347,1.87,1.00
2015.02.16 03:07:40.018,0.933,0.93367,1.00,1.75
2015.02.16 03:07:40.068,0.93293,0.93366,1.00,1.75
2015.02.16 03:07:40.119,0.93298,0.93366,1.00,1.75
2015.02.16 03:07:40.320,0.93292,0.93355,1.00,1.00
2015.02.16 03:07:40.371,0.93292,0.93358,1.00,1.37
2015.02.16 03:07:40.674,0.93293,0.93355,1.00,1.00
2015.02.16 03:07:40.840,0.93284,0.93355,1.37,1.00
2015.02.16 03:07:41.057,0.93303,0.93355,1.00,1.00
2015.02.16 03:07:41.389,0.93298,0.93347,1.00,1.00
2015.02.16 03:07:41.608,0.93298,0.93352,1.00,1.00
2015.02.16 03:07:41.829,0.93297,0.93355,1.00,1.00
2015.02.16 03:07:41.930,0.93297,0.93355,1.00,1.37
2015.02.16 03:07:42.232,0.93302,0.93355,1.00,1.75
2015.02.16 03:07:42.634,0.93297,0.93355,1.00,1.75
2015.02.16 03:07:42.749,0.93297,0.93355,1.00,1.75
2015.02.16 03:07:42.817,0.93303,0.93355,1.00,1.75
2015.02.16 03:07:43.040,0.93293,0.93355,1.37,1.75
2015.02.16 03:07:43.145,0.93293,0.93355,1.50,1.75
2015.02.16 03:07:43.349,0.93293,0.93361,1.37,1.42
2015.02.16 03:07:43.668,0.93292,0.93355,1.37,1.75
2015.02.16 03:07:43.917,0.93308,0.93362,1.00,2.55
2015.02.16 03:07:44.449,0.93308,0.93362,1.00,2.25
2015.02.16 03:07:45.347,0.93302,0.93362,1.00,1.75
2015.02.16 03:07:45.703,0.93302,0.93362,1.37,1.75
2015.02.16 03:07:46.374,0.93302,0.93353,1.00,2.10
2015.02.16 03:07:46.481,0.93292,0.93353,1.37,1.67
2015.02.16 03:07:46.668,0.93293,0.93342,1.37,1.00
2015.02.16 03:07:47.427,0.93293,0.93342,1.37,1.00
2015.02.16 03:07:47.775,0.93292,0.93343,1.00,1.75
2015.02.16 03:07:48.625,0.93292,0.93343,1.00,1.75
2015.02.16 03:07:48.675,0.93288,0.9334,1.00,1.75
2015.02.16 03:07:48.726,0.93288,0.9334,1.00,1.75
2015.02.16 03:07:50.188,0.93288,0.93337,1.00,1.50
2015.02.16 03:07:50.828,0.93288,0.93337,1.00,1.75
2015.02.16 03:07:51.168,0.93292,0.93347,1.00,1.87
2015.02.16 03:07:51.397,0.93298,0.93347,1.00,1.75
2015.02.16 03:07:51.922,0.93298,0.93347,1.00,1.75
2015.02.16 03:07:52.123,0.93298,0.93347,1.00,1.37
2015.02.16 03:07:52.223,0.93298,0.93355,1.00,1.75
2015.02.16 03:07:52.608,0.93302,0.93353,1.00,1.75
2015.02.16 03:07:52.658,0.93302,0.93353,1.00,1.75
2015.02.16 03:07:52.761,0.93302,0.93353,1.00,1.75
2015.02.16 03:07:52.862,0.93298,0.93352,1.00,1.75
2015.02.16 03:07:53.624,0.93303,0.93355,1.00,1.75
2015.02.16 03:07:53.675,0.93303,0.93355,1.00,1.75
2015.02.16 03:07:54.588,0.93302,0.93355,1.00,1.75
2015.02.16 03:07:55.141,0.93303,0.93355,1.00,1.75
2015.02.16 03:07:55.192,0.93303,0.93355,1.00,1.75
2015.02.16 03:07:55.731,0.93302,0.93353,1.00,1.75
2015.02.16 03:07:56.129,0.93298,0.93347,1.00,1.75
2015.02.16 03:07:56.872,0.93298,0.93347,1.00,1.75
2015.02.16 03:08:00.903,0.93298,0.93346,1.00,1.75
2015.02.16 03:08:01.674,0.93298,0.93346,1.00,1.75
2015.02.16 03:08:04.047,0.93297,0.93347,1.00,1.75
2015.02.16 03:08:04.645,0.93298,0.93346,1.00,1.75
2015.02.16 03:08:05.147,0.93298,0.93346,1.00,1.75
2015.02.16 03:08:12.627,0.93297,0.93346,1.00,1.75
2015.02.16 03:08:14.057,0.93298,0.93346,1.00,1.75
2015.02.16 03:08:14.932,0.93298,0.93346,1.00,1.37
2015.02.16 03:08:15.641,0.93298,0.93347,1.00,1.37
2015.02.16 03:08:15.727,0.93298,0.93347,1.00,1.50
2015.02.16 03:08:17.242,0.93298,0.93346,1.00,1.75
2015.02.16 03:08:17.362,0.93292,0.93343,1.00,1.75
2015.02.16 03:08:17.413,0.93292,0.93343,1.00,1.37
2015.02.16 03:08:18.103,0.93292,0.93343,1.00,1.50
2015.02.16 03:08:18.787,0.93298,0.93346,1.00,1.75
2015.02.16 03:08:19.309,0.93298,0.93346,1.00,1.75
2015.02.16 03:08:24.173,0.93298,0.93346,1.00,1.75
2015.02.16 03:08:24.784,0.93297,0.93346,1.00,1.75
2015.02.16 03:08:25.432,0.93297,0.93346,1.00,1.75
2015.02.16 03:08:26.818,0.93292,0.93346,1.00,1.75
2015.02.16 03:08:27.194,0.93303,0.93346,1.00,1.75
2015.02.16 03:08:29.786,0.93303,0.93346,1.00,1.37
2015.02.16 03:08:30.146,0.93303,0.93346,1.00,1.75
2015.02.16 03:08:32.760,0.93303,0.93346,1.00,1.75
2015.02.16 03:08:33.933,0.93303,0.93346,1.00,1.75
2015.02.16 03:08:34.034,0.93303,0.93339,1.00,1.30
2015.02.16 03:08:34.134,0.93283,0.93339,1.00,1.35
2015.02.16 03:08:34.235,0.93283,0.93331,1.00,1.75
2015.02.16 03:08:34.336,0.93273,0.93325,1.00,1.37
2015.02.16 03:08:34.387,0.93273,0.93321,1.00,2.10
2015.02.16 03:08:34.727,0.93273,0.93314,1.00,2.47
2015.02.16 03:08:34.848,0.93267,0.93308,1.00,1.00
2015.02.16 03:08:35.454,0.93272,0.93313,1.00,1.60
2015.02.16 03:08:35.836,0.93267,0.93308,1.00,1.00
2015.02.16 03:08:36.138,0.93267,0.93308,1.00,1.75
2015.02.16 03:08:36.640,0.93267,0.93308,1.00,1.75
2015.02.16 03:08:37.377,0.93268,0.93307,1.00,1.75
2015.02.16 03:08:37.441,0.93268,0.93307,1.00,1.75
2015.02.16 03:08:37.647,0.93267,0.93308,1.00,1.50
2015.02.16 03:08:37.848,0.93272,0.93309,1.00,1.35
2015.02.16 03:08:38.143,0.93272,0.93313,1.00,1.75
2015.02.16 03:08:38.649,0.93272,0.93313,1.00,1.75
2015.02.16 03:08:40.456,0.93272,0.93317,1.00,1.35
2015.02.16 03:08:40.999,0.93272,0.93317,1.00,1.35
2015.02.16 03:08:41.116,0.93278,0.93317,1.00,1.35
2015.02.16 03:08:41.862,0.93278,0.93317,1.00,1.35
2015.02.16 03:08:41.913,0.93272,0.93317,1.00,1.35
2015.02.16 03:08:42.070,0.93272,0.93317,1.00,1.35
2015.02.16 03:08:42.121,0.93268,0.93317,1.00,2.85
2015.02.16 03:08:42.222,0.93268,0.93317,1.00,2.10
2015.02.16 03:08:42.373,0.93263,0.93317,1.37,2.10
2015.02.16 03:08:42.597,0.93263,0.93317,1.00,1.35
2015.02.16 03:08:42.698,0.93272,0.93318,1.00,1.60
2015.02.16 03:08:43.355,0.93272,0.93317,1.00,1.35
2015.02.16 03:08:43.858,0.93272,0.93317,1.00,1.35
2015.02.16 03:08:44.369,0.93267,0.93317,1.00,1.35
2015.02.16 03:08:44.470,0.93267,0.93317,1.00,1.35
2015.02.16 03:08:44.784,0.93262,0.93313,1.00,1.50
2015.02.16 03:08:44.894,0.93263,0.93312,1.37,1.50
2015.02.16 03:08:44.995,0.93263,0.93312,1.00,1.00
2015.02.16 03:08:45.847,0.93259,0.93307,1.00,1.00
2015.02.16 03:08:46.580,0.93259,0.93307,1.12,1.37
2015.02.16 03:08:47.058,0.93262,0.93313,1.00,1.75
2015.02.16 03:08:47.387,0.93265,0.93313,1.37,1.12
2015.02.16 03:08:47.753,0.93273,0.93317,1.12,1.12
2015.02.16 03:08:49.957,0.93278,0.93322,1.00,1.50
2015.02.16 03:08:50.066,0.93273,0.93317,1.12,1.12
2015.02.16 03:08:50.118,0.93273,0.93317,1.00,1.37
2015.02.16 03:08:50.627,0.93267,0.93323,1.00,1.12
2015.02.16 03:08:50.691,0.93267,0.93322,1.00,1.12
2015.02.16 03:08:51.797,0.93267,0.93313,1.00,1.75
2015.02.16 03:08:51.847,0.93258,0.93307,1.87,1.37
2015.02.16 03:08:51.898,0.93258,0.93307,2.25,1.12
2015.02.16 03:08:52.216,0.93268,0.93312,1.00,1.50
2015.02.16 03:08:52.767,0.93268,0.93312,1.00,1.75
2015.02.16 03:08:53.194,0.93262,0.93308,1.00,1.37
2015.02.16 03:08:53.865,0.93263,0.93307,1.00,1.37
2015.02.16 03:08:54.808,0.93263,0.93307,1.00,1.50
2015.02.16 03:08:55.515,0.93263,0.93307,1.00,1.75
2015.02.16 03:08:57.881,0.93258,0.93307,1.37,1.75
2015.02.16 03:08:57.982,0.93258,0.93307,1.37,1.37
2015.02.16 03:08:58.315,0.93262,0.93308,1.00,1.00
2015.02.16 03:08:58.535,0.93262,0.93308,1.00,1.37
2015.02.16 03:08:58.616,0.93262,0.93308,1.00,1.12
2015.02.16 03:08:59.866,0.93267,0.93313,1.00,1.50
2015.02.16 03:09:00.856,0.93268,0.93312,1.00,1.37
2015.02.16 03:09:01.168,0.93268,0.93312,1.00,1.75
2015.02.16 03:09:01.780,0.93267,0.93313,1.00,1.75
2015.02.16 03:09:04.587,0.93263,0.93307,1.00,1.37
2015.02.16 03:09:05.141,0.93262,0.93308,1.00,1.37
2015.02.16 03:09:05.246,0.93268,0.93312,1.00,1.50
2015.02.16 03:09:05.750,0.93267,0.93313,1.00,1.75
2015.02.16 03:09:08.257,0.93267,0.93313,1.00,1.50
2015.02.16 03:09:09.436,0.93267,0.93313,1.00,1.37
2015.02.16 03:09:10.093,0.93267,0.93313,1.00,1.37
2015.02.16 03:09:15.591,0.93273,0.93316,1.00,1.35
2015.02.16 03:09:16.139,0.93268,0.93312,1.00,1.37
2015.02.16 03:09:22.888,0.93273,0.93316,1.00,1.35
2015.02.16 03:09:23.837,0.93268,0.93317,1.00,1.75
2015.02.16 03:09:24.165,0.93278,0.93315,1.00,1.67
2015.02.16 03:09:26.597,0.93273,0.93315,1.00,1.67
2015.02.16 03:09:26.648,0.93273,0.93315,1.00,1.35
2015.02.16 03:09:26.856,0.93273,0.93312,1.00,1.75
2015.02.16 03:09:26.957,0.93273,0.93312,1.00,1.37
2015.02.16 03:09:27.160,0.93278,0.93312,1.00,1.37
2015.02.16 03:09:27.861,0.93278,0.93315,1.00,1.35
2015.02.16 03:09:28.126,0.93272,0.93313,1.00,1.37
2015.02.16 03:09:28.251,0.93272,0.93309,1.00,1.75
2015.02.16 03:09:28.351,0.93273,0.93312,1.00,1.50
2015.02.16 03:09:28.615,0.93262,0.93313,1.12,1.50
2015.02.16 03:09:29.240,0.93262,0.93308,1.00,1.37
2015.02.16 03:09:30.106,0.93258,0.93307,1.37,1.37
2015.02.16 03:09:30.510,0.93253,0.93302,1.75,1.00
2015.02.16 03:09:31.772,0.93253,0.93302,1.75,1.37
2015.02.16 03:09:33.128,0.93252,0.93308,2.25,1.50
2015.02.16 03:09:33.451,0.93253,0.93307,1.75,1.75
2015.02.16 03:09:33.501,0.93253,0.93307,1.75,1.75
2015.02.16 03:09:33.612,0.93253,0.93302,1.37,1.42
2015.02.16 03:09:33.663,0.93263,0.93302,1.00,1.42
2015.02.16 03:09:34.076,0.93258,0.93302,1.00,1.42
2015.02.16 03:09:34.626,0.93257,0.93303,1.00,1.12
2015.02.16 03:09:36.832,0.93263,0.93301,1.00,1.67
2015.02.16 03:09:36.882,0.93263,0.93307,1.00,1.35
2015.02.16 03:09:37.156,0.93258,0.93306,1.37,1.27
2015.02.16 03:09:37.408,0.93268,0.93312,1.00,1.80
2015.02.16 03:09:37.985,0.93268,0.93309,1.00,1.35
2015.02.16 03:09:38.153,0.93263,0.93307,1.00,1.75
2015.02.16 03:09:38.358,0.93257,0.93304,1.12,1.27
2015.02.16 03:09:38.589,0.93257,0.93303,1.00,1.05
2015.02.16 03:09:38.988,0.93258,0.93303,1.00,1.05
2015.02.16 03:09:39.357,0.93263,0.93309,1.00,2.40
2015.02.16 03:09:39.508,0.93263,0.93309,1.00,2.40
2015.02.16 03:09:39.590,0.93263,0.93309,1.00,2.40
2015.02.16 03:09:39.891,0.93263,0.93309,1.00,2.40
2015.02.16 03:09:40.337,0.93257,0.93308,1.00,1.75
2015.02.16 03:09:40.555,0.93253,0.93307,1.37,1.75
2015.02.16 03:09:41.595,0.93245,0.93307,1.75,1.37
2015.02.16 03:09:41.696,0.93251,0.93307,1.75,1.00
2015.02.16 03:09:42.019,0.93263,0.93302,1.37,1.00
2015.02.16 03:09:42.120,0.93267,0.93308,1.00,1.12
2015.02.16 03:09:43.438,0.93268,0.93307,1.00,1.00
2015.02.16 03:09:43.680,0.93257,0.93308,1.75,1.00
2015.02.16 03:09:44.224,0.93257,0.93308,1.75,1.00
2015.02.16 03:09:49.916,0.93257,0.93308,1.75,1.00
2015.02.16 03:09:50.565,0.93258,0.93312,1.75,1.12
2015.02.16 03:09:50.666,0.93258,0.93312,1.75,1.37
2015.02.16 03:09:55.191,0.93263,0.93312,1.37,1.75
2015.02.16 03:09:55.292,0.93263,0.93312,1.37,1.37
2015.02.16 03:09:55.457,0.93257,0.93313,1.75,1.50
2015.02.16 03:09:55.847,0.93252,0.93313,2.25,1.75
2015.02.16 03:09:55.898,0.93252,0.93313,2.25,1.50
2015.02.16 03:09:56.160,0.93258,0.93312,1.00,1.00
2015.02.16 03:09:56.317,0.93252,0.93308,1.50,1.00
2015.02.16 03:09:56.647,0.93252,0.93313,1.50,1.50
2015.02.16 03:09:56.697,0.93252,0.93313,2.25,1.75
2015.02.16 03:09:57.111,0.93258,0.93312,1.75,1.75
2015.02.16 03:09:57.162,0.93258,0.93312,1.75,1.37
2015.02.16 03:09:57.212,0.93258,0.93307,1.75,1.00
2015.02.16 03:09:57.561,0.93258,0.93307,1.00,1.00
2015.02.16 03:09:58.576,0.93258,0.93307,1.75,1.00
2015.02.16 03:09:59.179,0.93258,0.93307,1.75,1.00
2015.02.16 03:10:00.607,0.93258,0.93307,1.75,1.00
2015.02.16 03:10:01.929,0.93258,0.93307,1.75,1.00
2015.02.16 03:10:02.835,0.93268,0.93307,1.00,1.00
2015.02.16 03:10:05.611,0.93263,0.93302,1.37,1.00
2015.02.16 03:10:05.662,0.93263,0.93302,1.37,1.00
2015.02.16 03:10:08.115,0.93258,0.93307,1.75,1.37
2015.02.16 03:10:08.166,0.93258,0.93307,1.75,1.37
2015.02.16 03:10:12.676,0.93255,0.93308,1.75,1.75
2015.02.16 03:10:12.758,0.93255,0.93308,1.50,1.50
2015.02.16 03:10:13.075,0.93255,0.93303,1.75,1.37
2015.02.16 03:10:13.176,0.93254,0.93303,1.75,1.37
2015.02.16 03:10:23.716,0.9325,0.93303,1.75,1.00
2015.02.16 03:10:23.937,0.9325,0.93303,1.75,1.00
2015.02.16 03:10:24.657,0.9325,0.93303,1.75,1.00
2015.02.16 03:10:28.897,0.93257,0.93303,1.75,1.00
2015.02.16 03:10:29.395,0.93258,0.93302,1.37,1.00
2015.02.16 03:10:29.585,0.93258,0.93302,1.75,1.00
2015.02.16 03:10:32.632,0.93258,0.93302,1.37,1.00
2015.02.16 03:10:32.911,0.93267,0.93308,1.00,1.37
2015.02.16 03:10:33.428,0.93267,0.93308,1.00,1.37
2015.02.16 03:10:34.664,0.93267,0.93308,1.00,1.37
2015.02.16 03:10:35.226,0.93267,0.93308,1.00,1.37
2015.02.16 03:10:35.405,0.93268,0.93307,1.12,1.12
2015.02.16 03:10:35.835,0.93273,0.93312,1.00,1.50
2015.02.16 03:10:36.083,0.93273,0.93312,1.00,1.37
2015.02.16 03:10:36.386,0.93273,0.93312,1.00,1.50
2015.02.16 03:10:38.495,0.93273,0.93312,1.00,1.37
2015.02.16 03:10:38.597,0.93273,0.93312,1.00,1.50
2015.02.16 03:10:39.144,0.93268,0.93312,1.00,1.37
2015.02.16 03:10:39.354,0.93273,0.93312,1.00,1.37
2015.02.16 03:10:39.628,0.93277,0.93314,1.00,1.30
2015.02.16 03:10:40.040,0.93277,0.93314,1.00,1.35
2015.02.16 03:10:40.106,0.93277,0.93314,1.00,1.67
2015.02.16 03:10:40.257,0.93278,0.93314,1.00,1.35
2015.02.16 03:10:40.900,0.93273,0.93312,1.00,1.75
2015.02.16 03:10:41.426,0.93273,0.93314,1.00,1.35
2015.02.16 03:10:41.557,0.93278,0.93314,1.00,1.35
2015.02.16 03:10:41.947,0.93277,0.93321,1.00,1.75
2015.02.16 03:10:42.155,0.93277,0.93321,1.00,1.75
2015.02.16 03:10:42.430,0.93277,0.93323,1.00,1.50
2015.02.16 03:10:42.581,0.93283,0.93324,1.00,1.12
2015.02.16 03:10:42.631,0.93283,0.93325,1.00,1.12
2015.02.16 03:10:43.319,0.93283,0.93327,1.00,1.50
2015.02.16 03:10:43.738,0.93283,0.93327,1.00,1.37
2015.02.16 03:10:43.864,0.93288,0.93329,1.00,1.50
2015.02.16 03:10:44.754,0.93288,0.93332,1.00,2.25
2015.02.16 03:10:48.818,0.93287,0.93333,1.00,1.75
2015.02.16 03:10:50.355,0.93288,0.93332,1.00,1.75
2015.02.16 03:10:50.750,0.93288,0.93332,1.00,1.75
2015.02.16 03:10:54.556,0.93288,0.93331,1.00,1.75
2015.02.16 03:10:54.674,0.93287,0.93331,1.00,1.75
2015.02.16 03:10:55.304,0.93283,0.93331,1.00,1.75
2015.02.16 03:10:55.359,0.93283,0.93331,1.00,1.75
2015.02.16 03:10:55.634,0.93293,0.93334,1.00,1.75
2015.02.16 03:10:56.261,0.93293,0.93334,1.00,1.75
2015.02.16 03:10:56.689,0.93293,0.93329,1.00,1.75
2015.02.16 03:10:57.878,0.93293,0.93334,1.00,1.75
2015.02.16 03:10:58.425,0.93292,0.93334,1.00,1.75
2015.02.16 03:10:58.953,0.93292,0.93334,1.00,1.75
2015.02.16 03:10:59.054,0.93297,0.93334,1.00,1.75
2015.02.16 03:10:59.255,0.93297,0.9334,1.00,2.10
2015.02.16 03:10:59.383,0.93293,0.93337,1.00,1.75
2015.02.16 03:10:59.655,0.93292,0.93338,1.00,1.75
2015.02.16 03:11:00.371,0.93293,0.93337,1.00,1.75
2015.02.16 03:11:00.806,0.93287,0.93333,1.00,1.75
2015.02.16 03:11:01.362,0.93292,0.93334,1.00,1.75
2015.02.16 03:11:01.725,0.93292,0.93334,1.00,1.37
2015.02.16 03:11:01.775,0.93292,0.93334,1.00,1.75
2015.02.16 03:11:03.392,0.93292,0.93334,1.00,1.75
2015.02.16 03:11:04.168,0.93292,0.93334,1.00,1.75
2015.02.16 03:11:05.320,0.93293,0.93337,1.00,1.75
2015.02.16 03:11:05.930,0.93293,0.93337,1.00,1.75
2015.02.16 03:11:10.603,0.93292,0.93338,1.00,1.75
2015.02.16 03:11:12.862,0.93292,0.93338,1.00,1.75
2015.02.16 03:11:15.121,0.93293,0.93337,1.00,1.75
2015.02.16 03:11:18.625,0.93287,0.93321,1.00,1.67
2015.02.16 03:11:18.855,0.93282,0.93326,1.00,1.75
2015.02.16 03:11:18.906,0.93282,0.93326,1.00,1.00
2015.02.16 03:11:19.064,0.93293,0.93326,1.00,1.00
2015.02.16 03:11:19.115,0.93293,0.93332,1.00,1.72
2015.02.16 03:11:19.284,0.93287,0.93332,1.00,1.72
2015.02.16 03:11:19.604,0.93287,0.93331,1.00,1.35
2015.02.16 03:11:20.841,0.93293,0.93331,1.00,1.35
2015.02.16 03:11:20.944,0.93293,0.93332,1.00,1.35
2015.02.16 03:11:21.045,0.93293,0.93334,1.00,1.35
2015.02.16 03:11:21.733,0.93293,0.93331,1.00,1.67
2015.02.16 03:11:23.873,0.93293,0.93333,1.00,1.35
2015.02.16 03:11:24.421,0.93292,0.93343,1.00,1.75
2015.02.16 03:11:25.082,0.93293,0.93337,1.00,1.75
2015.02.16 03:11:25.584,0.93293,0.93337,1.00,1.75
2015.02.16 03:11:25.685,0.93293,0.93332,1.00,1.75
2015.02.16 03:11:25.824,0.93297,0.93332,1.00,1.75
2015.02.16 03:11:27.463,0.93297,0.93334,1.00,1.75
2015.02.16 03:11:27.851,0.93297,0.93334,1.00,1.50
2015.02.16 03:11:27.952,0.93297,0.93334,1.00,1.75
2015.02.16 03:11:28.484,0.93297,0.93343,1.00,1.75
2015.02.16 03:11:31.833,0.93297,0.93338,1.00,1.75
2015.02.16 03:11:46.586,0.93297,0.93343,1.00,1.75
2015.02.16 03:11:46.887,0.93297,0.93338,1.00,1.75
2015.02.16 03:11:52.087,0.93297,0.93337,1.00,1.37
2015.02.16 03:11:52.295,0.93298,0.93342,1.00,1.50
2015.02.16 03:11:52.618,0.93298,0.93342,1.00,1.75
2015.02.16 03:11:52.733,0.93298,0.93342,1.00,1.75
2015.02.16 03:11:52.884,0.93303,0.93347,1.00,1.75
2015.02.16 03:11:53.657,0.93303,0.93347,1.00,1.75
2015.02.16 03:11:55.303,0.93298,0.93345,1.00,1.75
2015.02.16 03:11:55.364,0.93298,0.93345,1.12,1.75
2015.02.16 03:11:55.932,0.93297,0.93343,1.00,1.50
2015.02.16 03:11:57.426,0.93298,0.93342,1.00,1.37
2015.02.16 03:12:00.156,0.93297,0.93336,1.00,1.37
2015.02.16 03:12:00.465,0.93298,0.93331,1.00,1.75
2015.02.16 03:12:00.516,0.93298,0.93331,1.00,1.75
2015.02.16 03:12:00.583,0.93287,0.93331,1.00,1.75
2015.02.16 03:12:00.787,0.93287,0.93331,1.00,1.75
2015.02.16 03:12:01.145,0.93283,0.93319,1.00,1.00
2015.02.16 03:12:01.634,0.93282,0.93314,1.00,1.00
2015.02.16 03:12:01.794,0.93277,0.93314,1.00,1.00
2015.02.16 03:12:01.895,0.93277,0.93314,1.00,1.37
2015.02.16 03:12:02.447,0.93277,0.9332,1.00,1.75
2015.02.16 03:12:05.740,0.93277,0.9332,1.00,1.75
2015.02.16 03:12:08.834,0.93283,0.9332,1.00,1.75
2015.02.16 03:12:11.806,0.93277,0.9332,1.00,1.75
2015.02.16 03:12:12.471,0.93277,0.93323,1.00,2.25
2015.02.16 03:12:13.123,0.93282,0.93323,1.00,1.75
2015.02.16 03:12:15.492,0.93282,0.93323,1.00,1.75
2015.02.16 03:12:15.874,0.93277,0.93323,1.00,2.25
2015.02.16 03:12:16.537,0.93282,0.93323,1.00,1.75
2015.02.16 03:12:17.397,0.93282,0.93323,1.00,1.75
2015.02.16 03:12:19.065,0.93278,0.93322,1.00,1.50
2015.02.16 03:12:19.116,0.93278,0.93322,1.00,1.37
2015.02.16 03:12:19.351,0.93278,0.93322,1.37,1.00
2015.02.16 03:12:19.667,0.93282,0.93328,1.37,1.75
2015.02.16 03:12:20.005,0.93282,0.93328,1.00,1.75
2015.02.16 03:12:23.493,0.93282,0.93329,1.12,1.75
2015.02.16 03:12:23.795,0.93277,0.93332,1.37,1.75
2015.02.16 03:12:23.976,0.93278,0.93327,1.37,1.37
2015.02.16 03:12:25.923,0.93282,0.93332,1.00,1.75
2015.02.16 03:12:26.883,0.93282,0.93332,1.00,1.75
2015.02.16 03:12:27.196,0.93282,0.93332,1.00,1.75
2015.02.16 03:12:28.310,0.93278,0.93327,1.37,1.37
2015.02.16 03:12:28.452,0.93278,0.93327,1.12,1.37
2015.02.16 03:12:28.644,0.93283,0.93332,1.00,2.25
2015.02.16 03:12:29.293,0.93277,0.93328,1.37,1.50
2015.02.16 03:12:31.230,0.93277,0.93327,1.12,1.75
2015.02.16 03:12:31.584,0.93278,0.93327,1.00,1.75
2015.02.16 03:12:31.635,0.93273,0.93327,1.37,2.25
2015.02.16 03:12:31.686,0.93273,0.93327,1.00,2.25
2015.02.16 03:12:31.837,0.9327,0.93317,1.37,1.50
2015.02.16 03:12:31.937,0.93268,0.93317,1.00,1.75
2015.02.16 03:12:31.988,0.93268,0.93315,1.00,1.75
2015.02.16 03:12:32.086,0.93268,0.93315,1.00,1.00
2015.02.16 03:12:32.187,0.93263,0.93312,1.00,1.00
2015.02.16 03:12:32.762,0.93263,0.93311,1.00,1.00
2015.02.16 03:12:32.813,0.93258,0.93311,1.00,1.75
2015.02.16 03:12:32.992,0.93258,0.93311,1.00,1.50
2015.02.16 03:12:33.892,0.93258,0.93307,1.12,1.12
2015.02.16 03:12:34.355,0.93263,0.93311,1.00,1.37
2015.02.16 03:12:34.405,0.93263,0.93311,1.00,1.37
2015.02.16 03:12:35.072,0.93263,0.93312,1.00,1.37
2015.02.16 03:12:35.413,0.93263,0.93312,1.00,1.00
2015.02.16 03:12:36.884,0.93263,0.93312,1.37,1.00
2015.02.16 03:12:36.985,0.93263,0.93312,1.37,1.00
2015.02.16 03:12:40.355,0.93263,0.93312,2.25,1.00
2015.02.16 03:12:42.563,0.93263,0.93312,1.37,1.00
2015.02.16 03:12:42.664,0.93261,0.93312,1.37,1.12
2015.02.16 03:12:42.765,0.93261,0.93312,1.37,1.37
2015.02.16 03:12:43.172,0.93261,0.93302,1.37,1.00
2015.02.16 03:12:44.122,0.93262,0.93308,1.12,1.00
2015.02.16 03:12:45.410,0.93262,0.93308,1.37,1.00
2015.02.16 03:12:46.680,0.93262,0.93308,1.87,1.00
2015.02.16 03:12:47.010,0.93262,0.93308,2.25,1.00
2015.02.16 03:12:47.532,0.93263,0.93307,1.50,1.00
2015.02.16 03:12:49.197,0.93263,0.93307,1.37,1.00
2015.02.16 03:12:49.418,0.93268,0.93312,1.00,1.00
2015.02.16 03:12:49.705,0.93268,0.93312,1.37,1.00
2015.02.16 03:12:50.024,0.93268,0.93312,1.75,1.00
2015.02.16 03:13:01.615,0.93268,0.93312,2.25,1.00
2015.02.16 03:13:01.872,0.93273,0.93323,1.75,1.37
2015.02.16 03:13:02.032,0.93284,0.93323,1.00,1.00
2015.02.16 03:13:02.133,0.93284,0.93323,1.37,1.00
2015.02.16 03:13:02.383,0.93284,0.93328,1.37,1.00
2015.02.16 03:13:02.895,0.93284,0.93328,1.50,1.00
2015.02.16 03:13:03.183,0.93284,0.93332,1.75,1.00
2015.02.16 03:13:03.403,0.93289,0.93332,1.50,1.00
2015.02.16 03:13:06.907,0.93289,0.93332,1.37,1.00
2015.02.16 03:13:07.437,0.93289,0.93327,1.37,1.00
2015.02.16 03:13:07.909,0.93289,0.93327,1.75,1.00
2015.02.16 03:13:08.427,0.93289,0.93327,1.50,1.00
2015.02.16 03:13:08.652,0.93289,0.93333,1.50,1.00
2015.02.16 03:13:10.461,0.93289,0.93333,1.75,1.00
2015.02.16 03:13:10.562,0.93289,0.93333,1.37,1.00
2015.02.16 03:13:10.666,0.93289,0.93328,1.37,1.00
2015.02.16 03:13:10.717,0.93289,0.93328,1.00,1.00
2015.02.16 03:13:11.218,0.93289,0.93328,1.37,1.00
2015.02.16 03:13:11.449,0.93289,0.93328,1.00,1.00
2015.02.16 03:13:11.893,0.93283,0.93328,1.37,1.00
2015.02.16 03:13:12.282,0.93283,0.93333,1.37,1.37
2015.02.16 03:13:12.333,0.93283,0.93333,1.00,1.37
2015.02.16 03:13:12.433,0.93278,0.93333,1.37,1.75
2015.02.16 03:13:12.768,0.93278,0.93317,1.37,1.00
2015.02.16 03:13:13.039,0.93273,0.93317,1.12,1.00
2015.02.16 03:13:13.427,0.93267,0.93318,1.75,1.00
2015.02.16 03:13:13.748,0.93274,0.93313,1.37,1.00
2015.02.16 03:13:15.585,0.93274,0.93317,1.37,1.00
2015.02.16 03:13:16.378,0.93274,0.93317,1.75,1.00
2015.02.16 03:13:19.857,0.93278,0.93317,1.37,1.00
2015.02.16 03:13:20.642,0.93278,0.93318,1.37,1.00
2015.02.16 03:13:23.831,0.93279,0.93317,1.37,1.00
2015.02.16 03:13:24.396,0.93278,0.93317,1.37,1.00
2015.02.16 03:13:24.496,0.93279,0.93318,1.50,1.00
2015.02.16 03:13:24.601,0.93279,0.93323,1.50,1.00
2015.02.16 03:13:25.155,0.93279,0.93323,1.87,1.00
2015.02.16 03:13:25.815,0.93278,0.93322,2.25,1.00
2015.02.16 03:13:33.292,0.93279,0.93323,1.37,1.00
2015.02.16 03:13:34.909,0.93278,0.93323,1.75,1.00
2015.02.16 03:13:38.131,0.93281,0.93328,1.37,1.12
2015.02.16 03:13:38.182,0.93281,0.93328,1.75,1.00
2015.02.16 03:13:38.351,0.93281,0.93333,1.75,1.00
2015.02.16 03:13:38.402,0.93281,0.93333,1.75,1.50
2015.02.16 03:13:38.813,0.93287,0.93338,1.50,1.37
2015.02.16 03:13:38.914,0.93287,0.93338,1.75,1.37
2015.02.16 03:13:39.342,0.93287,0.93333,1.75,1.00
2015.02.16 03:13:39.776,0.93287,0.93333,1.75,1.00
2015.02.16 03:13:41.000,0.93292,0.93333,1.37,1.00
2015.02.16 03:13:44.319,0.93292,0.93333,1.37,1.00
2015.02.16 03:13:45.090,0.93293,0.93333,1.37,1.00
2015.02.16 03:13:49.537,0.93293,0.93333,1.37,1.00
2015.02.16 03:13:53.651,0.93293,0.93333,1.37,1.00
2015.02.16 03:14:02.001,0.93291,0.93333,1.37,1.00
2015.02.16 03:14:02.448,0.93283,0.93333,1.50,1.37
2015.02.16 03:14:02.549,0.93282,0.93333,1.37,1.50
2015.02.16 03:14:02.650,0.93282,0.93333,1.12,1.75
2015.02.16 03:14:02.750,0.93272,0.93328,1.37,1.37
2015.02.16 03:14:02.804,0.93272,0.93328,1.75,1.37
2015.02.16 03:14:03.006,0.93272,0.93323,1.37,1.00
2015.02.16 03:14:03.105,0.93272,0.93323,1.37,1.37
2015.02.16 03:14:03.470,0.93272,0.9332,1.00,1.37
2015.02.16 03:14:03.792,0.93268,0.9332,1.50,1.75
2015.02.16 03:14:03.943,0.93263,0.93318,1.75,1.37
2015.02.16 03:14:04.163,0.93263,0.93318,1.75,1.37
2015.02.16 03:14:04.866,0.93268,0.9332,1.50,1.75
2015.02.16 03:14:13.090,0.93263,0.93318,1.75,1.50
2015.02.16 03:14:19.740,0.93267,0.9332,1.37,1.75
2015.02.16 03:14:28.631,0.93263,0.93317,1.75,1.35
2015.02.16 03:14:28.995,0.93258,0.93302,2.25,1.00
2015.02.16 03:14:29.940,0.93258,0.93302,2.25,1.00
2015.02.16 03:14:31.120,0.93258,0.93303,1.75,1.00
2015.02.16 03:14:33.335,0.93258,0.93302,2.25,1.00
2015.02.16 03:14:33.850,0.93258,0.93303,1.75,1.00
2015.02.16 03:14:34.934,0.93259,0.93303,1.75,1.00
2015.02.16 03:14:35.570,0.93257,0.93303,1.37,1.37
2015.02.16 03:14:35.736,0.93258,0.93302,1.00,1.50
2015.02.16 03:14:35.848,0.93258,0.93302,1.00,1.37
2015.02.16 03:14:35.949,0.93258,0.93302,1.00,1.50
2015.02.16 03:14:36.073,0.93252,0.93298,1.12,1.37
2015.02.16 03:14:36.238,0.93252,0.93298,1.12,1.75
2015.02.16 03:14:36.339,0.93247,0.93298,1.87,1.75
2015.02.16 03:14:36.440,0.93247,0.93298,1.37,1.75
2015.02.16 03:14:36.684,0.93246,0.93303,1.00,1.37
2015.02.16 03:14:36.742,0.93242,0.93301,1.00,1.12
2015.02.16 03:14:36.993,0.93243,0.93296,1.00,1.00
2015.02.16 03:14:37.100,0.93238,0.93296,1.00,1.00
2015.02.16 03:14:37.151,0.93237,0.9329,1.00,1.00
2015.02.16 03:14:37.460,0.93248,0.9329,1.00,1.00
2015.02.16 03:14:38.047,0.93248,0.9329,1.00,1.75
2015.02.16 03:14:38.171,0.93242,0.9329,1.00,1.75
2015.02.16 03:14:40.155,0.93242,0.9329,1.00,1.75
2015.02.16 03:14:41.350,0.93238,0.93287,1.00,1.37
2015.02.16 03:14:41.681,0.93238,0.93286,1.00,1.75
2015.02.16 03:14:42.219,0.93237,0.93282,1.00,1.75
2015.02.16 03:14:43.330,0.93238,0.93282,1.00,1.75
2015.02.16 03:14:43.662,0.93232,0.93278,1.12,1.37
2015.02.16 03:14:44.880,0.93237,0.93283,1.00,2.25
2015.02.16 03:14:47.390,0.93237,0.93283,1.12,1.87
2015.02.16 03:14:47.541,0.93238,0.93287,1.00,1.97
2015.02.16 03:14:48.070,0.93237,0.93288,1.00,2.10
2015.02.16 03:14:48.121,0.93237,0.93284,1.12,1.67
2015.02.16 03:14:48.695,0.93238,0.93282,1.00,1.37
2015.02.16 03:14:50.898,0.93238,0.93282,1.00,1.50
2015.02.16 03:14:51.099,0.93238,0.93282,1.00,1.00
2015.02.16 03:14:51.248,0.93237,0.93284,1.00,1.30
2015.02.16 03:14:51.411,0.93238,0.93285,1.00,1.35
2015.02.16 03:14:51.631,0.93238,0.93282,1.00,1.00
2015.02.16 03:14:51.731,0.93238,0.93282,1.50,1.00
2015.02.16 03:14:51.920,0.93242,0.93288,1.37,1.97
2015.02.16 03:14:52.432,0.93242,0.93288,1.12,1.60
2015.02.16 03:14:54.319,0.93242,0.93288,1.12,1.00
2015.02.16 03:14:54.370,0.93243,0.93292,1.00,1.37
2015.02.16 03:14:54.420,0.93243,0.93292,1.37,1.75
2015.02.16 03:14:54.906,0.93243,0.93292,1.12,1.37
2015.02.16 03:14:55.920,0.93243,0.93292,1.00,1.37
2015.02.16 03:14:56.723,0.93243,0.93287,1.00,1.00
2015.02.16 03:14:58.660,0.93238,0.93288,2.25,1.00
2015.02.16 03:14:58.965,0.93253,0.93294,1.00,1.35
2015.02.16 03:14:59.744,0.93253,0.93293,1.00,1.30
2015.02.16 03:15:00.600,0.93252,0.93293,1.00,1.72
2015.02.16 03:15:00.918,0.93252,0.93293,1.00,1.72
2015.02.16 03:15:01.812,0.93247,0.93293,1.00,1.72
2015.02.16 03:15:01.923,0.93247,0.93293,1.37,1.72
2015.02.16 03:15:02.335,0.93258,0.93295,1.00,1.97
2015.02.16 03:15:03.375,0.93257,0.93295,1.00,1.97
2015.02.16 03:15:03.426,0.93257,0.93293,1.00,1.30
2015.02.16 03:15:05.356,0.93252,0.93301,1.00,1.37
2015.02.16 03:15:05.460,0.93252,0.93301,1.37,1.37
2015.02.16 03:15:05.842,0.93263,0.93306,1.00,1.75
2015.02.16 03:15:05.892,0.93257,0.93303,1.37,1.12
2015.02.16 03:15:06.004,0.93257,0.93303,1.50,1.00
2015.02.16 03:15:06.105,0.93262,0.93308,1.12,1.37
2015.02.16 03:15:06.162,0.93262,0.93308,1.00,1.00
2015.02.16 03:15:06.344,0.93267,0.93308,1.00,1.00
2015.02.16 03:15:08.121,0.93268,0.93311,1.00,1.30
2015.02.16 03:15:08.655,0.93262,0.93313,1.37,1.37
2015.02.16 03:15:08.706,0.93262,0.9331,1.00,1.37
2015.02.16 03:15:09.193,0.93253,0.9331,1.12,1.75
2015.02.16 03:15:09.580,0.93253,0.93302,1.00,1.37
2015.02.16 03:15:09.884,0.93248,0.93287,1.00,1.00
2015.02.16 03:15:11.628,0.93248,0.93297,1.00,1.37
2015.02.16 03:15:12.146,0.93248,0.93297,1.00,1.87
2015.02.16 03:15:15.591,0.93248,0.93297,1.00,1.87
2015.02.16 03:15:16.200,0.93248,0.93297,1.00,1.87
2015.02.16 03:15:16.630,0.93248,0.93293,1.00,1.00
2015.02.16 03:15:17.054,0.93248,0.93294,1.00,1.37
2015.02.16 03:15:18.582,0.93248,0.93293,1.00,1.12
2015.02.16 03:15:19.302,0.93252,0.93293,1.00,1.12
2015.02.16 03:15:19.631,0.93247,0.93293,1.00,1.87
2015.02.16 03:15:22.283,0.93247,0.93293,1.00,2.25
2015.02.16 03:15:28.367,0.93247,0.93293,1.00,1.37
2015.02.16 03:15:28.470,0.93247,0.93293,1.00,1.12
2015.02.16 03:15:28.541,0.93253,0.93293,1.00,1.12
2015.02.16 03:15:32.867,0.93253,0.93297,1.00,1.50
2015.02.16 03:15:35.273,0.93253,0.93297,1.00,1.37
2015.02.16 03:15:35.412,0.93253,0.93297,1.00,1.75
2015.02.16 03:15:36.042,0.93252,0.93297,1.00,1.75
2015.02.16 03:15:38.495,0.93252,0.93297,1.00,1.37
2015.02.16 03:15:39.005,0.93253,0.93297,1.00,1.37
2015.02.16 03:15:39.686,0.93252,0.93297,1.00,1.37
2015.02.16 03:15:40.998,0.93252,0.93297,1.00,1.75
2015.02.16 03:15:41.631,0.93253,0.93297,1.00,1.75
2015.02.16 03:15:42.621,0.93252,0.93297,1.00,1.75
2015.02.16 03:15:48.102,0.93252,0.93297,1.00,1.50
2015.02.16 03:15:48.153,0.93248,0.93297,1.00,1.50
2015.02.16 03:15:48.291,0.93248,0.93297,1.37,1.37
2015.02.16 03:15:48.341,0.93258,0.93297,1.00,1.37
2015.02.16 03:15:50.206,0.93258,0.93299,1.00,1.50
2015.02.16 03:15:52.345,0.93263,0.93299,1.00,1.50
2015.02.16 03:15:52.395,0.93263,0.93299,1.00,1.37
2015.02.16 03:15:52.774,0.93262,0.93305,1.00,1.50
2015.02.16 03:15:53.314,0.93263,0.93305,1.00,1.50
2015.02.16 03:15:53.416,0.93263,0.93305,1.12,1.12
2015.02.16 03:15:53.467,0.93263,0.93307,1.37,1.37
2015.02.16 03:15:53.564,0.93263,0.93307,1.37,1.37
2015.02.16 03:15:53.665,0.93263,0.93311,1.37,1.97
2015.02.16 03:15:53.774,0.93263,0.93308,1.12,1.30
2015.02.16 03:15:54.050,0.93263,0.9331,1.12,1.12
2015.02.16 03:15:54.181,0.93273,0.9331,1.00,1.12
2015.02.16 03:15:54.935,0.93273,0.93311,1.00,1.00
2015.02.16 03:15:55.238,0.93273,0.93311,1.00,1.37
2015.02.16 03:15:56.154,0.93267,0.93311,1.00,1.37
2015.02.16 03:15:57.954,0.93267,0.93311,1.00,1.75
2015.02.16 03:15:58.117,0.93267,0.93311,1.00,1.50
2015.02.16 03:15:58.217,0.93267,0.93311,1.00,2.25
2015.02.16 03:15:59.318,0.93267,0.93311,1.00,2.25
2015.02.16 03:15:59.884,0.93268,0.93311,1.00,2.25
2015.02.16 03:16:02.361,0.93268,0.93311,1.00,1.87
2015.02.16 03:16:02.461,0.93268,0.9331,1.12,1.00
2015.02.16 03:16:02.512,0.93268,0.93316,1.12,1.37
2015.02.16 03:16:02.631,0.93268,0.93316,1.00,1.75
2015.02.16 03:16:02.933,0.93268,0.93309,1.00,1.37
2015.02.16 03:16:03.518,0.93267,0.93309,1.00,1.37
2015.02.16 03:16:07.247,0.93267,0.93309,1.00,1.75
2015.02.16 03:16:07.349,0.93267,0.93309,1.00,1.75
2015.02.16 03:16:07.400,0.93262,0.93308,1.00,1.75
2015.02.16 03:16:07.732,0.93263,0.93309,1.00,1.75
2015.02.16 03:16:08.471,0.93262,0.93308,1.00,1.75
2015.02.16 03:16:09.041,0.93263,0.93307,1.00,1.75
2015.02.16 03:16:09.176,0.93263,0.93309,1.00,1.37
2015.02.16 03:16:09.352,0.93267,0.93309,1.00,1.37
2015.02.16 03:16:14.900,0.93267,0.93313,1.00,1.50
2015.02.16 03:16:15.340,0.93267,0.93313,1.00,1.37
2015.02.16 03:16:15.449,0.93267,0.93313,1.00,1.37
2015.02.16 03:16:15.906,0.93263,0.93302,1.00,1.00
2015.02.16 03:16:16.610,0.93267,0.93308,1.00,1.37
2015.02.16 03:16:18.371,0.93268,0.93312,1.00,1.75
2015.02.16 03:16:18.673,0.93268,0.93312,1.00,1.50
2015.02.16 03:16:21.249,0.93268,0.93312,1.00,1.37
2015.02.16 03:16:22.852,0.93268,0.93312,1.00,1.37
2015.02.16 03:16:36.359,0.93267,0.93317,1.37,1.75
2015.02.16 03:16:36.703,0.93273,0.93317,1.00,1.75
2015.02.16 03:16:37.274,0.93272,0.93318,1.00,1.75
2015.02.16 03:16:37.962,0.93272,0.93318,1.00,1.75
2015.02.16 03:16:38.163,0.93273,0.93322,1.12,1.50
2015.02.16 03:16:38.264,0.93274,0.93322,1.37,1.50
2015.02.16 03:16:38.630,0.93282,0.93325,1.00,1.12
2015.02.16 03:16:38.681,0.93282,0.93328,1.00,1.75
2015.02.16 03:16:39.070,0.93288,0.9333,1.00,1.12
2015.02.16 03:16:39.596,0.93288,0.9333,1.00,1.12
2015.02.16 03:16:39.647,0.93283,0.9333,1.00,1.12
2015.02.16 03:16:39.807,0.93283,0.93333,1.75,1.75
2015.02.16 03:16:39.858,0.93298,0.93333,1.00,1.75
2015.02.16 03:16:39.908,0.93298,0.93342,1.00,2.62
2015.02.16 03:16:40.361,0.93298,0.93342,1.00,1.87
2015.02.16 03:16:40.412,0.93293,0.93337,1.37,1.50
2015.02.16 03:16:40.664,0.93287,0.93338,1.37,1.75
2015.02.16 03:16:45.380,0.93283,0.93338,1.75,1.50
2015.02.16 03:16:45.560,0.93298,0.93342,1.00,1.75
2015.02.16 03:16:46.093,0.93298,0.93341,1.00,1.75
2015.02.16 03:16:47.320,0.93297,0.93341,1.00,1.75
2015.02.16 03:16:48.074,0.93298,0.93337,1.00,1.75
2015.02.16 03:16:49.569,0.93288,0.93327,1.37,1.00
2015.02.16 03:16:50.290,0.93288,0.93332,1.37,1.37
2015.02.16 03:16:50.360,0.93288,0.93332,1.37,1.37
2015.02.16 03:16:52.820,0.93284,0.93328,1.75,1.00
2015.02.16 03:16:57.875,0.93284,0.93328,1.75,1.00
2015.02.16 03:17:02.831,0.93288,0.93332,1.50,1.37
2015.02.16 03:17:06.313,0.93287,0.93333,1.75,1.12
2015.02.16 03:17:08.236,0.93287,0.93333,3.00,1.00
2015.02.16 03:17:08.620,0.93288,0.93332,1.75,1.00
2015.02.16 03:17:08.822,0.93292,0.93332,1.37,1.00
2015.02.16 03:17:08.929,0.93292,0.93343,1.87,1.37
2015.02.16 03:17:09.023,0.93292,0.93343,2.25,1.37
2015.02.16 03:17:09.346,0.93292,0.93332,1.75,1.00
2015.02.16 03:17:09.869,0.93292,0.93332,1.75,1.00
2015.02.16 03:17:10.309,0.93292,0.93337,1.75,1.00
2015.02.16 03:17:10.428,0.93292,0.93337,1.75,1.00
2015.02.16 03:17:10.960,0.93292,0.93338,1.75,1.00
2015.02.16 03:17:11.134,0.93292,0.93337,1.75,1.00
2015.02.16 03:17:11.736,0.93292,0.93337,1.75,1.00
2015.02.16 03:17:11.937,0.93292,0.93337,1.75,1.00
2015.02.16 03:17:13.609,0.93292,0.93332,2.25,1.00
2015.02.16 03:17:13.660,0.93292,0.93332,2.25,1.00
2015.02.16 03:17:13.864,0.93292,0.93332,1.37,1.00
2015.02.16 03:17:14.881,0.93292,0.93332,1.50,1.00
2015.02.16 03:17:19.330,0.93291,0.93337,1.75,1.37
2015.02.16 03:17:19.658,0.93287,0.93328,2.25,1.00
2015.02.16 03:17:22.439,0.93287,0.93333,2.25,1.00
2015.02.16 03:17:22.629,0.93287,0.93338,3.00,1.37
2015.02.16 03:17:33.759,0.93287,0.93338,1.75,1.37
2015.02.16 03:17:33.816,0.93287,0.93338,1.75,1.37
2015.02.16 03:17:40.095,0.93287,0.93338,2.25,1.37
2015.02.16 03:17:42.607,0.93288,0.93338,1.50,1.37
2015.02.16 03:17:43.041,0.93287,0.93338,2.25,1.50
2015.02.16 03:17:43.493,0.93287,0.93338,2.25,1.50
2015.02.16 03:17:43.873,0.93287,0.93333,1.37,1.00
2015.02.16 03:17:44.758,0.93283,0.93333,1.37,1.00
2015.02.16 03:17:45.109,0.93287,0.93337,1.37,1.12
2015.02.16 03:17:45.159,0.93287,0.93337,1.75,1.37
2015.02.16 03:17:45.533,0.93288,0.93332,1.75,1.00
2015.02.16 03:17:48.078,0.93288,0.93332,1.75,1.00
2015.02.16 03:17:50.240,0.93287,0.93333,2.62,1.00
2015.02.16 03:17:51.379,0.93288,0.93332,1.75,1.00
2015.02.16 03:17:51.480,0.93288,0.93332,1.37,1.12
2015.02.16 03:17:51.581,0.93287,0.93328,2.25,1.00
2015.02.16 03:17:52.108,0.93288,0.93327,1.37,1.00
2015.02.16 03:17:52.566,0.93288,0.93332,1.37,1.12
2015.02.16 03:17:52.679,0.93288,0.93332,1.12,1.37
2015.02.16 03:17:52.880,0.93284,0.93327,1.12,1.00
2015.02.16 03:17:53.436,0.93286,0.93327,1.00,1.37
2015.02.16 03:17:56.976,0.93282,0.93328,1.75,1.12
2015.02.16 03:17:57.178,0.93283,0.93332,1.37,1.37
2015.02.16 03:17:57.379,0.93282,0.93333,1.75,1.37
2015.02.16 03:17:58.184,0.93282,0.93333,1.75,1.37
2015.02.16 03:17:58.870,0.93281,0.93327,1.75,1.00
2015.02.16 03:17:59.168,0.93281,0.93327,1.37,1.00
2015.02.16 03:17:59.269,0.93278,0.93327,2.25,1.37
2015.02.16 03:17:59.669,0.93278,0.93327,1.00,1.37
2015.02.16 03:17:59.914,0.93273,0.93327,1.37,1.75
2015.02.16 03:18:00.806,0.93271,0.93323,1.37,1.37
2015.02.16 03:18:01.128,0.93267,0.93323,1.37,2.25
2015.02.16 03:18:01.744,0.93267,0.93313,1.37,1.00
2015.02.16 03:18:02.278,0.93268,0.93312,1.00,1.12
2015.02.16 03:18:06.449,0.93268,0.93312,1.00,1.37
2015.02.16 03:18:09.388,0.93267,0.93313,1.00,1.37
2015.02.16 03:18:11.225,0.93267,0.93313,1.00,1.75
2015.02.16 03:18:11.405,0.93262,0.93308,1.37,1.37
2015.02.16 03:18:15.846,0.93263,0.93307,1.00,1.12
2015.02.16 03:18:16.048,0.93262,0.93308,1.00,1.37
2015.02.16 03:18:16.098,0.93258,0.93307,1.37,1.37
2015.02.16 03:18:16.149,0.93258,0.93307,1.37,1.50
2015.02.16 03:18:16.965,0.93258,0.93307,1.00,1.37
2015.02.16 03:18:19.829,0.93257,0.93308,1.00,1.50
2015.02.16 03:18:21.478,0.93257,0.93308,1.00,2.25
2015.02.16 03:18:21.828,0.93253,0.93307,1.12,1.00
2015.02.16 03:18:21.984,0.93257,0.93307,2.25,1.37
2015.02.16 03:18:22.366,0.93268,0.93312,1.00,1.75
2015.02.16 03:18:23.112,0.93268,0.93312,1.12,1.75
2015.02.16 03:18:23.946,0.93268,0.93312,1.00,1.75
2015.02.16 03:18:24.114,0.93268,0.93312,1.12,1.75
2015.02.16 03:18:24.978,0.93268,0.93312,1.00,1.37
2015.02.16 03:18:26.074,0.93268,0.93312,1.00,1.75
2015.02.16 03:18:26.225,0.93258,0.93307,1.12,1.50
2015.02.16 03:18:26.276,0.93258,0.93307,1.00,1.75
2015.02.16 03:18:26.887,0.93258,0.93307,1.00,1.75
2015.02.16 03:18:27.088,0.93253,0.93302,1.12,1.37
2015.02.16 03:18:27.518,0.93253,0.93302,1.00,1.50
2015.02.16 03:18:28.407,0.93258,0.93304,1.00,1.75
2015.02.16 03:18:29.088,0.93253,0.93304,1.37,1.75
2015.02.16 03:18:29.289,0.93252,0.93304,1.50,2.25
2015.02.16 03:18:29.381,0.93252,0.93304,1.37,1.87
2015.02.16 03:18:29.431,0.93263,0.93304,1.00,1.37
2015.02.16 03:18:31.646,0.93263,0.93304,1.00,1.37
2015.02.16 03:18:32.169,0.93262,0.93304,1.00,1.37
2015.02.16 03:18:32.808,0.93258,0.93307,1.12,1.50
2015.02.16 03:18:32.915,0.93258,0.93307,1.75,1.37
2015.02.16 03:18:33.357,0.93268,0.93312,1.00,2.25
2015.02.16 03:18:33.798,0.93263,0.93312,1.37,1.75
2015.02.16 03:18:33.949,0.93263,0.93308,1.00,1.37
2015.02.16 03:18:34.118,0.93263,0.93308,1.00,1.50
2015.02.16 03:18:36.122,0.93263,0.93307,1.00,1.75
2015.02.16 03:18:39.813,0.93258,0.93307,1.00,1.75
2015.02.16 03:18:40.142,0.93258,0.93297,1.00,1.00
2015.02.16 03:18:41.371,0.93252,0.93298,1.50,1.00
2015.02.16 03:18:41.861,0.93252,0.93298,1.37,1.37
2015.02.16 03:18:42.223,0.93253,0.93292,1.37,1.00
2015.02.16 03:18:42.367,0.93252,0.93293,1.37,1.00
2015.02.16 03:18:42.547,0.93253,0.93297,1.37,1.37
2015.02.16 03:18:42.877,0.93248,0.93292,1.37,1.00
2015.02.16 03:18:43.772,0.93248,0.93292,1.50,1.12
2015.02.16 03:18:44.667,0.93248,0.93292,1.37,1.00
2015.02.16 03:18:44.871,0.93248,0.93292,1.50,1.37
2015.02.16 03:18:45.297,0.93247,0.93288,1.75,1.00
2015.02.16 03:18:45.369,0.93247,0.93288,1.12,1.00
2015.02.16 03:18:45.915,0.93242,0.93288,1.37,1.12
2015.02.16 03:18:46.019,0.93242,0.93288,1.37,1.37
2015.02.16 03:18:48.358,0.93243,0.93287,1.00,1.37
2015.02.16 03:18:48.698,0.93233,0.93277,1.75,1.00
2015.02.16 03:18:48.748,0.93233,0.93277,1.75,1.00
2015.02.16 03:18:48.857,0.93232,0.93283,1.75,1.37
2015.02.16 03:18:49.187,0.93233,0.93272,1.50,1.00
2015.02.16 03:18:50.867,0.93233,0.93272,1.37,1.00
2015.02.16 03:18:51.127,0.93227,0.93263,1.75,1.00
2015.02.16 03:18:51.846,0.93227,0.93263,1.75,1.00
2015.02.16 03:18:52.158,0.93238,0.93282,1.00,2.25
2015.02.16 03:18:52.354,0.93232,0.93282,1.37,1.75
2015.02.16 03:18:52.887,0.93237,0.93283,1.00,2.25
2015.02.16 03:18:54.166,0.93237,0.93283,1.37,1.50
2015.02.16 03:18:54.504,0.93237,0.93283,1.37,1.37
2015.02.16 03:18:59.428,0.93238,0.93282,1.50,1.00
2015.02.16 03:18:59.777,0.93237,0.93283,1.75,1.00
2015.02.16 03:18:59.827,0.93242,0.93288,1.37,1.37
2015.02.16 03:19:00.617,0.93243,0.93287,1.37,1.12
2015.02.16 03:19:00.786,0.93243,0.93287,1.37,1.37
2015.02.16 03:19:01.136,0.93247,0.93288,1.37,1.00
2015.02.16 03:19:01.357,0.93252,0.93293,1.00,1.37
2015.02.16 03:19:01.407,0.93252,0.93293,1.00,1.50
2015.02.16 03:19:02.735,0.93252,0.93293,1.37,1.37
2015.02.16 03:19:03.098,0.93252,0.93293,1.12,1.12
2015.02.16 03:19:03.714,0.93252,0.93293,1.37,1.00
2015.02.16 03:19:03.916,0.93258,0.93297,1.00,1.37
2015.02.16 03:19:04.438,0.93258,0.93297,1.00,1.12
2015.02.16 03:19:05.065,0.93258,0.93297,1.12,1.37
2015.02.16 03:19:06.405,0.93258,0.93297,1.37,1.00
2015.02.16 03:19:06.888,0.93252,0.93293,3.00,1.00
2015.02.16 03:19:07.407,0.93257,0.93298,1.37,1.12
2015.02.16 03:19:08.410,0.93257,0.93298,1.37,1.37
2015.02.16 03:19:08.714,0.93253,0.93292,1.50,1.00
2015.02.16 03:19:10.825,0.93252,0.93298,2.25,1.37
2015.02.16 03:19:10.926,0.93252,0.93298,1.87,1.97
2015.02.16 03:19:11.246,0.93253,0.93292,1.37,1.00
2015.02.16 03:19:11.627,0.93252,0.93288,1.12,1.00
2015.02.16 03:19:11.728,0.93247,0.93288,1.87,1.00
2015.02.16 03:19:11.828,0.93247,0.93282,1.37,1.00
2015.02.16 03:19:12.831,0.93243,0.93282,1.75,1.00
2015.02.16 03:19:13.133,0.9325,0.93298,2.85,1.50
2015.02.16 03:19:13.234,0.93256,0.93298,1.35,1.00
2015.02.16 03:19:13.436,0.93263,0.93297,1.00,1.00
2015.02.16 03:19:13.537,0.93256,0.93297,1.00,1.00
2015.02.16 03:19:13.706,0.93253,0.93297,1.00,1.00
2015.02.16 03:19:14.247,0.93254,0.93297,1.00,1.00
2015.02.16 03:19:14.480,0.93254,0.93297,1.75,1.00
2015.02.16 03:19:14.810,0.93254,0.93292,1.75,1.00
2015.02.16 03:19:15.141,0.93254,0.93297,1.75,1.00
2015.02.16 03:19:15.334,0.93254,0.93297,1.75,1.00
2015.02.16 03:19:15.470,0.93254,0.93297,1.75,1.00
2015.02.16 03:19:16.847,0.93254,0.93297,1.75,1.00
2015.02.16 03:19:17.399,0.9326,0.93298,1.75,1.00
2015.02.16 03:19:17.550,0.9326,0.93298,1.50,1.00
2015.02.16 03:19:18.442,0.9326,0.93298,1.75,1.00
2015.02.16 03:19:25.375,0.9326,0.93302,1.75,1.00
2015.02.16 03:19:25.925,0.93259,0.93303,1.75,1.00
2015.02.16 03:19:25.976,0.93259,0.93303,1.75,1.00
2015.02.16 03:19:26.536,0.93259,0.93302,1.75,1.00
2015.02.16 03:19:28.392,0.9326,0.93302,1.50,1.00
2015.02.16 03:19:28.951,0.9326,0.93302,1.37,1.00
2015.02.16 03:19:31.357,0.9326,0.93302,1.37,1.00
2015.02.16 03:19:31.408,0.9326,0.93298,1.37,1.00
2015.02.16 03:19:31.929,0.93254,0.93297,1.75,1.00
2015.02.16 03:19:37.672,0.93254,0.93297,1.75,1.00
2015.02.16 03:19:38.042,0.93254,0.93298,1.75,1.00
2015.02.16 03:19:39.643,0.93254,0.93298,1.75,1.00
2015.02.16 03:19:40.628,0.93258,0.93302,1.75,1.00
2015.02.16 03:19:41.324,0.93258,0.93302,1.75,1.00
2015.02.16 03:19:41.830,0.93258,0.93302,1.75,1.00
2015.02.16 03:19:43.379,0.93257,0.93303,1.75,1.00
2015.02.16 03:19:43.849,0.93253,0.93297,1.75,1.00
2015.02.16 03:19:45.149,0.93258,0.93302,1.75,1.00
2015.02.16 03:19:45.384,0.93258,0.93297,1.75,1.00
2015.02.16 03:19:45.585,0.93259,0.93302,1.75,1.00
2015.02.16 03:19:47.337,0.93259,0.93298,1.75,1.00
2015.02.16 03:19:50.909,0.93259,0.93298,1.50,1.00
2015.02.16 03:19:51.119,0.93259,0.93302,1.50,1.00
2015.02.16 03:19:51.298,0.93259,0.93297,1.50,1.00
2015.02.16 03:19:51.806,0.93259,0.93298,1.37,1.00
2015.02.16 03:19:52.514,0.93259,0.93298,1.75,1.00
2015.02.16 03:19:53.048,0.93259,0.93298,1.75,1.00
2015.02.16 03:19:53.829,0.93259,0.93297,1.75,1.00
2015.02.16 03:19:54.014,0.93259,0.93297,1.37,1.00
2015.02.16 03:19:54.116,0.93259,0.93297,1.75,1.00
2015.02.16 03:19:54.698,0.93259,0.93298,1.75,1.00
2015.02.16 03:19:57.391,0.93264,0.93303,1.37,1.00
2015.02.16 03:19:57.543,0.93264,0.93303,1.50,1.00
2015.02.16 03:19:57.594,0.93264,0.93312,1.50,1.00
2015.02.16 03:19:57.644,0.93264,0.93312,1.75,1.00
2015.02.16 03:19:57.947,0.93264,0.93302,1.75,1.00
2015.02.16 03:19:58.332,0.93264,0.93302,1.75,1.00
2015.02.16 03:19:58.906,0.93264,0.93307,1.75,1.00
2015.02.16 03:19:59.043,0.93264,0.93307,1.75,1.00
2015.02.16 03:19:59.621,0.93264,0.93307,1.75,1.00
2015.02.16 03:19:59.722,0.93267,0.93307,1.75,1.00
2015.02.16 03:20:01.090,0.93267,0.93308,1.75,1.00
2015.02.16 03:20:01.395,0.93272,0.93307,1.50,1.00
2015.02.16 03:20:01.647,0.93272,0.93312,1.75,1.00
2015.02.16 03:20:01.698,0.93272,0.93312,1.50,1.00
2015.02.16 03:20:02.344,0.93272,0.93308,1.50,1.00
2015.02.16 03:20:02.586,0.93272,0.93308,1.37,1.00
2015.02.16 03:20:02.687,0.93272,0.93313,1.37,1.00
2015.02.16 03:20:02.847,0.93266,0.93308,2.25,1.00
2015.02.16 03:20:03.388,0.93266,0.93308,1.75,1.00
2015.02.16 03:20:03.638,0.93271,0.93313,1.75,1.00
2015.02.16 03:20:03.689,0.93271,0.93313,1.37,1.00
2015.02.16 03:20:03.855,0.93265,0.93307,1.75,1.00
2015.02.16 03:20:03.906,0.93265,0.93307,1.75,1.00
2015.02.16 03:20:04.507,0.93265,0.93307,1.75,1.00
2015.02.16 03:20:09.751,0.93265,0.93307,1.75,1.00
2015.02.16 03:20:10.052,0.93265,0.93307,1.75,1.00
2015.02.16 03:20:10.352,0.93265,0.93307,1.50,1.00
2015.02.16 03:20:10.653,0.93265,0.93307,1.75,1.00
2015.02.16 03:20:13.085,0.93265,0.93307,1.75,1.00
2015.02.16 03:20:13.786,0.93265,0.93307,1.75,1.00
2015.02.16 03:20:15.897,0.93265,0.93307,1.50,1.00
2015.02.16 03:20:16.476,0.93265,0.93307,1.75,1.00
2015.02.16 03:20:17.077,0.93265,0.93307,1.75,1.00
2015.02.16 03:20:17.578,0.93266,0.93307,1.75,1.00
2015.02.16 03:20:18.090,0.93259,0.93302,1.75,1.00
2015.02.16 03:20:19.296,0.93259,0.93303,1.75,1.00
2015.02.16 03:20:19.617,0.93263,0.93303,1.75,1.00
2015.02.16 03:20:19.667,0.93263,0.93308,1.75,1.00
2015.02.16 03:20:20.110,0.93263,0.93307,1.75,1.00
2015.02.16 03:20:20.338,0.93263,0.93307,1.75,1.00
2015.02.16 03:20:20.793,0.93263,0.93302,1.75,1.00
2015.02.16 03:20:21.714,0.93263,0.93302,1.75,1.00
2015.02.16 03:20:23.834,0.93263,0.93303,1.75,1.00
2015.02.16 03:20:24.148,0.93263,0.93307,1.75,1.00
2015.02.16 03:20:24.723,0.93263,0.93307,1.75,1.00
2015.02.16 03:20:25.296,0.93263,0.93307,1.75,1.00
2015.02.16 03:20:26.168,0.93263,0.93308,1.75,1.00
2015.02.16 03:20:26.728,0.93263,0.93308,1.75,1.00
2015.02.16 03:20:27.326,0.93268,0.93312,1.37,1.00
2015.02.16 03:20:27.466,0.93268,0.93312,1.75,1.00
2015.02.16 03:20:30.309,0.93267,0.93313,1.75,1.00
2015.02.16 03:20:30.847,0.93263,0.93308,1.75,1.00
2015.02.16 03:20:34.396,0.93268,0.93312,1.75,1.00
2015.02.16 03:20:34.618,0.93263,0.93308,1.75,1.00
2015.02.16 03:20:35.761,0.93263,0.93308,1.75,1.00
2015.02.16 03:20:36.377,0.93263,0.93307,2.25,1.00
2015.02.16 03:20:36.428,0.93265,0.93307,1.75,1.00
2015.02.16 03:20:36.726,0.93264,0.93307,1.50,1.00
2015.02.16 03:20:36.934,0.93259,0.93303,1.75,1.00
2015.02.16 03:20:39.096,0.93263,0.93307,1.75,1.00
2015.02.16 03:20:44.637,0.93263,0.93307,1.50,1.00
2015.02.16 03:20:48.557,0.93262,0.93308,1.75,1.12
2015.02.16 03:20:48.769,0.93262,0.93308,1.37,1.37
2015.02.16 03:20:48.970,0.93253,0.93308,1.75,1.37
2015.02.16 03:20:49.107,0.93252,0.93302,1.75,1.00
2015.02.16 03:20:49.221,0.93251,0.93302,1.37,1.00
2015.02.16 03:20:49.326,0.93251,0.93298,1.37,1.00
2015.02.16 03:20:49.646,0.93248,0.93297,2.25,1.00
2015.02.16 03:20:50.250,0.93248,0.93298,1.75,1.00
2015.02.16 03:20:53.666,0.93248,0.93298,1.75,1.00
2015.02.16 03:20:53.886,0.93251,0.93297,1.75,1.00
2015.02.16 03:20:53.988,0.93253,0.93297,1.75,1.00
2015.02.16 03:20:54.390,0.93254,0.93303,1.37,1.00
2015.02.16 03:20:54.591,0.93254,0.93303,1.00,1.37
2015.02.16 03:20:54.893,0.93254,0.93297,1.50,1.00
2015.02.16 03:20:55.596,0.93254,0.93302,1.50,1.00
2015.02.16 03:20:55.696,0.93253,0.93302,1.37,1.00
2015.02.16 03:20:55.815,0.93253,0.93298,1.37,1.00
2015.02.16 03:20:56.145,0.93253,0.93297,1.75,1.00
2015.02.16 03:20:56.347,0.93253,0.93297,1.75,1.00
2015.02.16 03:20:56.594,0.93253,0.93302,1.75,1.00
2015.02.16 03:20:56.696,0.93253,0.93302,1.37,1.12
2015.02.16 03:20:56.805,0.93253,0.93298,1.37,1.00
2015.02.16 03:20:57.135,0.93253,0.93298,1.75,1.00
2015.02.16 03:20:57.185,0.93253,0.93298,1.37,1.00
2015.02.16 03:20:57.349,0.93253,0.93298,1.75,1.00
2015.02.16 03:20:57.893,0.93254,0.93298,1.12,1.00
2015.02.16 03:20:57.993,0.93254,0.93302,1.37,1.37
2015.02.16 03:20:58.125,0.93254,0.93297,1.37,1.00
2015.02.16 03:21:01.646,0.93254,0.93298,1.37,1.00
2015.02.16 03:21:02.085,0.93249,0.93293,1.75,1.00
2015.02.16 03:21:07.806,0.93249,0.93297,1.75,1.00
2015.02.16 03:21:07.907,0.93249,0.93297,1.75,1.00
2015.02.16 03:21:08.230,0.93254,0.93297,1.50,1.00
2015.02.16 03:21:08.734,0.93254,0.93297,1.75,1.00
2015.02.16 03:21:08.794,0.93258,0.93302,1.37,1.00
2015.02.16 03:21:08.998,0.93258,0.93302,1.50,1.00
2015.02.16 03:21:10.336,0.93257,0.93303,1.75,1.00
2015.02.16 03:21:11.109,0.93258,0.93302,1.50,1.00
2015.02.16 03:21:11.706,0.93258,0.93302,1.37,1.00
2015.02.16 03:21:12.036,0.93254,0.93297,1.75,1.00
2015.02.16 03:21:12.368,0.93254,0.93297,1.75,1.00
2015.02.16 03:21:12.902,0.93254,0.93302,1.75,1.00
2015.02.16 03:21:12.953,0.93253,0.93302,2.25,1.00
2015.02.16 03:21:13.104,0.93253,0.93297,1.75,1.00
2015.02.16 03:21:13.154,0.93251,0.93297,1.75,1.00
2015.02.16 03:21:13.637,0.93251,0.93293,1.75,1.00
2015.02.16 03:21:21.898,0.9325,0.93293,1.75,1.00
2015.02.16 03:21:22.098,0.9325,0.93293,1.75,1.00
2015.02.16 03:21:22.362,0.9325,0.93297,1.75,1.00
2015.02.16 03:21:24.295,0.93254,0.93297,1.50,1.00
2015.02.16 03:21:26.336,0.93258,0.93297,1.37,1.00
2015.02.16 03:21:27.385,0.93258,0.93292,1.37,1.00
2015.02.16 03:21:28.375,0.93258,0.93297,1.37,1.00
2015.02.16 03:21:34.645,0.93259,0.93298,1.37,1.00
2015.02.16 03:21:35.205,0.93259,0.93297,1.37,1.00
2015.02.16 03:21:35.635,0.93259,0.93292,1.37,1.00
2015.02.16 03:21:37.837,0.93259,0.93297,1.37,1.00
2015.02.16 03:21:38.388,0.93259,0.93292,1.37,1.00
2015.02.16 03:21:42.375,0.93258,0.93293,1.37,1.00
2015.02.16 03:21:43.335,0.93258,0.93292,1.37,1.00
2015.02.16 03:21:44.106,0.93258,0.93298,1.37,1.00
2015.02.16 03:21:44.805,0.93259,0.93298,1.50,1.00
2015.02.16 03:21:49.057,0.93258,0.93297,1.75,1.00
2015.02.16 03:21:49.631,0.93258,0.93298,1.75,1.00
2015.02.16 03:21:51.367,0.93258,0.93292,1.75,1.00
2015.02.16 03:21:53.469,0.93258,0.93292,1.37,1.00
2015.02.16 03:21:54.324,0.93258,0.93292,1.75,1.00
2015.02.16 03:21:54.885,0.93258,0.93293,1.75,1.00
2015.02.16 03:21:55.607,0.93258,0.93293,1.37,1.00
2015.02.16 03:21:56.282,0.93258,0.93293,1.50,1.00
2015.02.16 03:21:56.508,0.93258,0.93293,1.37,1.00
2015.02.16 03:21:56.609,0.93258,0.93293,1.75,1.00
2015.02.16 03:21:57.596,0.93258,0.93293,1.37,1.00
2015.02.16 03:21:58.827,0.93258,0.93292,1.37,1.00
2015.02.16 03:21:58.928,0.93258,0.93292,1.00,1.00
2015.02.16 03:21:59.029,0.93244,0.93292,1.75,1.00
2015.02.16 03:21:59.130,0.93243,0.93292,1.75,1.00
2015.02.16 03:21:59.230,0.93243,0.93292,1.37,1.00
2015.02.16 03:21:59.331,0.93239,0.93288,1.75,1.00
2015.02.16 03:21:59.439,0.93239,0.93288,1.00,1.00
2015.02.16 03:21:59.490,0.93237,0.93288,1.00,1.00
2015.02.16 03:21:59.994,0.93238,0.93287,1.00,1.00
2015.02.16 03:22:00.114,0.93238,0.93287,1.37,1.12
2015.02.16 03:22:00.541,0.93233,0.93282,1.75,1.00
2015.02.16 03:22:00.875,0.93231,0.93277,2.62,1.00
2015.02.16 03:22:03.644,0.93231,0.93282,1.12,1.00
2015.02.16 03:22:03.836,0.93233,0.93277,1.75,1.00
2015.02.16 03:22:04.385,0.93232,0.93278,1.75,1.00
2015.02.16 03:22:04.436,0.93232,0.93278,1.75,1.00
2015.02.16 03:22:04.604,0.93238,0.93282,1.37,1.00
2015.02.16 03:22:05.143,0.93238,0.93282,1.50,1.00
2015.02.16 03:22:05.376,0.93243,0.93287,1.12,1.87
2015.02.16 03:22:07.130,0.93243,0.93287,1.00,1.87
2015.02.16 03:22:13.342,0.93243,0.93287,1.00,1.87
2015.02.16 03:22:14.064,0.93238,0.93282,1.37,1.00
2015.02.16 03:22:16.370,0.93238,0.93282,1.12,1.00
2015.02.16 03:22:17.206,0.93238,0.93282,1.37,1.37
2015.02.16 03:22:18.144,0.93229,0.93272,1.75,1.00
2015.02.16 03:22:18.195,0.93228,0.93272,1.50,1.00
2015.02.16 03:22:18.313,0.93228,0.93272,1.87,1.00
2015.02.16 03:22:18.804,0.93228,0.93273,1.12,1.00
2015.02.16 03:22:19.366,0.93228,0.93273,1.87,1.00
2015.02.16 03:22:21.428,0.93227,0.93273,1.50,1.37
2015.02.16 03:22:21.529,0.93227,0.93273,1.37,1.37
2015.02.16 03:22:21.592,0.93227,0.93273,1.00,1.75
2015.02.16 03:22:21.693,0.9322,0.93267,1.12,1.12
2015.02.16 03:22:21.876,0.9322,0.93262,1.12,1.00
2015.02.16 03:22:22.534,0.93218,0.93267,1.75,1.12
2015.02.16 03:22:22.644,0.93218,0.93267,1.75,1.37
2015.02.16 03:22:23.094,0.93214,0.93258,1.75,1.00
2015.02.16 03:22:23.307,0.93217,0.93268,1.75,1.37
2015.02.16 03:22:23.634,0.93217,0.93268,1.75,1.87
2015.02.16 03:22:23.685,0.93209,0.93262,1.75,1.00
2015.02.16 03:22:23.998,0.93209,0.93257,1.75,1.00
2015.02.16 03:22:24.099,0.93212,0.93263,1.37,1.35
2015.02.16 03:22:24.200,0.93212,0.93259,1.37,1.67
2015.02.16 03:22:24.624,0.93204,0.93247,1.75,1.00
2015.02.16 03:22:24.826,0.93203,0.93247,1.00,1.00
2015.02.16 03:22:24.876,0.93198,0.93242,1.00,1.00
2015.02.16 03:22:24.927,0.93193,0.93242,1.87,1.60
2015.02.16 03:22:25.078,0.93193,0.93237,1.12,1.00
2015.02.16 03:22:25.934,0.93193,0.93237,1.75,1.00
2015.02.16 03:22:26.104,0.93193,0.93237,1.50,1.00
2015.02.16 03:22:26.306,0.93193,0.93237,1.75,1.00
2015.02.16 03:22:26.673,0.93188,0.93232,1.75,1.00
2015.02.16 03:22:27.377,0.93193,0.93237,1.75,1.00
2015.02.16 03:22:28.634,0.93193,0.93237,1.75,1.00
2015.02.16 03:22:28.917,0.93192,0.93238,1.75,1.00
2015.02.16 03:22:29.119,0.93192,0.93238,1.75,1.00
2015.02.16 03:22:29.645,0.93193,0.93237,1.50,1.00
2015.02.16 03:22:30.687,0.93193,0.93237,1.75,1.00
2015.02.16 03:22:34.954,0.93193,0.93237,1.37,1.00
2015.02.16 03:22:35.118,0.93192,0.93238,1.75,1.00
2015.02.16 03:22:39.598,0.93192,0.93243,1.75,1.37
2015.02.16 03:22:39.927,0.93202,0.93243,1.12,1.37
2015.02.16 03:22:40.404,0.93202,0.93243,1.37,1.00
2015.02.16 03:22:40.614,0.93203,0.93247,1.37,1.00
2015.02.16 03:22:40.768,0.93203,0.93247,1.37,1.37
2015.02.16 03:22:41.673,0.93203,0.93247,1.37,1.00
2015.02.16 03:22:42.177,0.93203,0.93247,1.50,1.37
2015.02.16 03:22:42.479,0.93207,0.93253,1.75,1.00
2015.02.16 03:22:42.580,0.93213,0.93257,1.75,1.00
2015.02.16 03:22:42.681,0.93214,0.93257,1.00,1.00
2015.02.16 03:22:43.224,0.93214,0.93258,1.00,1.00
2015.02.16 03:22:43.410,0.93214,0.93258,1.75,1.00
2015.02.16 03:22:43.724,0.93214,0.93257,1.37,1.00
2015.02.16 03:22:43.785,0.93214,0.93257,1.50,1.00
2015.02.16 03:22:44.139,0.93217,0.93263,1.37,1.00
2015.02.16 03:22:44.390,0.93214,0.93263,1.75,1.00
2015.02.16 03:22:44.699,0.93222,0.93263,1.75,1.00
2015.02.16 03:22:44.875,0.93223,0.93267,1.75,1.00
2015.02.16 03:22:44.925,0.93223,0.93267,1.75,1.00
2015.02.16 03:22:45.083,0.93228,0.93272,1.75,1.00
2015.02.16 03:22:45.601,0.93228,0.93272,1.75,1.00
2015.02.16 03:22:45.932,0.93231,0.93272,1.75,1.00
2015.02.16 03:22:46.092,0.93235,0.93278,1.50,1.00
2015.02.16 03:22:46.201,0.93235,0.93278,1.75,1.00
2015.02.16 03:22:46.693,0.93235,0.93278,1.75,1.00
2015.02.16 03:22:46.896,0.93232,0.93278,1.75,1.00
2015.02.16 03:22:46.959,0.93232,0.93278,1.00,1.00
2015.02.16 03:22:47.472,0.93233,0.93277,1.00,1.00
2015.02.16 03:22:49.671,0.93233,0.93277,1.37,1.00
2015.02.16 03:22:50.164,0.93233,0.93277,1.00,1.00
2015.02.16 03:22:50.824,0.9323,0.93272,1.00,1.00
2015.02.16 03:22:51.194,0.93228,0.93272,1.00,1.00
2015.02.16 03:22:51.947,0.93228,0.93272,1.37,1.00
2015.02.16 03:22:52.463,0.93228,0.93272,1.37,1.00
2015.02.16 03:22:52.804,0.93228,0.93277,1.37,1.12
2015.02.16 03:22:53.163,0.93223,0.93272,1.75,1.00
2015.02.16 03:22:53.742,0.93223,0.93272,2.25,1.00
2015.02.16 03:22:55.313,0.93228,0.93277,1.37,1.37
2015.02.16 03:22:55.649,0.93222,0.93273,1.75,1.00
2015.02.16 03:22:56.083,0.93223,0.93272,1.50,1.00
2015.02.16 03:22:56.484,0.93227,0.93273,1.37,1.00
2015.02.16 03:22:57.047,0.93223,0.93267,1.75,1.00
2015.02.16 03:23:00.282,0.93223,0.93267,1.50,1.00
2015.02.16 03:23:01.245,0.93223,0.93267,1.75,1.00
2015.02.16 03:23:01.847,0.93223,0.93267,1.75,1.00
2015.02.16 03:23:02.384,0.93223,0.93267,1.75,1.00
2015.02.16 03:23:02.548,0.93223,0.93267,1.75,1.00
2015.02.16 03:23:02.863,0.93222,0.93268,1.75,1.00
2015.02.16 03:23:03.362,0.93227,0.93273,1.75,1.00
2015.02.16 03:23:03.564,0.93228,0.93277,1.75,1.00
2015.02.16 03:23:03.807,0.93224,0.93272,1.75,1.00
2015.02.16 03:23:04.133,0.93224,0.93267,1.75,1.00
2015.02.16 03:23:04.562,0.93224,0.93267,1.75,1.00
2015.02.16 03:23:06.037,0.93224,0.93267,2.25,1.00
2015.02.16 03:23:07.083,0.93228,0.93272,1.75,1.00
2015.02.16 03:23:10.505,0.93229,0.93272,1.75,1.00
2015.02.16 03:23:10.824,0.93225,0.93267,1.75,1.00
2015.02.16 03:23:11.112,0.93223,0.93267,1.75,1.00
2015.02.16 03:23:11.423,0.93219,0.93267,1.75,1.00
2015.02.16 03:23:11.524,0.93218,0.93267,1.75,1.00
2015.02.16 03:23:11.625,0.93214,0.93257,1.75,1.00
2015.02.16 03:23:11.729,0.93214,0.93257,1.37,1.00
2015.02.16 03:23:11.830,0.93203,0.93252,1.75,1.00
2015.02.16 03:23:12.143,0.93198,0.93247,1.37,1.00
2015.02.16 03:23:12.272,0.93198,0.93245,1.37,1.00
2015.02.16 03:23:12.323,0.93198,0.93245,1.00,1.00
2015.02.16 03:23:12.467,0.93185,0.93245,1.00,1.00
2015.02.16 03:23:12.518,0.93183,0.93239,1.37,1.00
2015.02.16 03:23:13.004,0.93188,0.93237,1.00,1.00
2015.02.16 03:23:13.152,0.93188,0.93239,1.00,1.00
2015.02.16 03:23:13.202,0.93188,0.93239,1.37,1.50
2015.02.16 03:23:13.554,0.93182,0.93233,2.25,1.37
2015.02.16 03:23:15.261,0.93182,0.93233,1.87,1.37
2015.02.16 03:23:15.361,0.93182,0.93233,1.00,1.37
2015.02.16 03:23:15.902,0.93183,0.93232,1.00,1.37
2015.02.16 03:23:16.394,0.93183,0.93232,1.00,1.75
2015.02.16 03:23:17.643,0.93182,0.93233,1.00,1.75
2015.02.16 03:23:18.049,0.93178,0.93227,1.37,1.37
2015.02.16 03:23:18.995,0.93177,0.93228,1.37,1.37
2015.02.16 03:23:20.098,0.93177,0.93228,1.00,1.37
2015.02.16 03:23:20.299,0.93178,0.93229,1.37,1.37
2015.02.16 03:23:20.653,0.93177,0.93223,1.37,1.37
2015.02.16 03:23:20.924,0.93177,0.93223,1.37,1.12
2015.02.16 03:23:21.475,0.93178,0.93222,1.37,1.00
2015.02.16 03:23:24.207,0.93178,0.93222,1.12,1.00
2015.02.16 03:23:24.308,0.93178,0.93222,1.37,1.00
2015.02.16 03:23:24.903,0.93177,0.93223,1.37,1.00
2015.02.16 03:23:25.310,0.93177,0.93223,1.50,1.00
2015.02.16 03:23:28.352,0.93182,0.93228,1.12,1.37
2015.02.16 03:23:29.139,0.93182,0.93228,1.37,1.00
2015.02.16 03:23:29.563,0.93182,0.93233,1.37,1.37
2015.02.16 03:23:29.663,0.93186,0.93233,1.75,1.00
2015.02.16 03:23:29.878,0.93186,0.93232,1.50,1.00
2015.02.16 03:23:30.112,0.93192,0.93238,1.00,1.37
2015.02.16 03:23:30.163,0.93192,0.93238,1.37,1.12
2015.02.16 03:23:30.549,0.93192,0.93238,1.75,1.00
2015.02.16 03:23:31.054,0.93193,0.93237,1.50,1.00
2015.02.16 03:23:31.154,0.9319,0.93237,1.50,1.00
2015.02.16 03:23:31.352,0.93193,0.93242,1.37,1.12
2015.02.16 03:23:32.149,0.93193,0.93242,1.75,1.00
2015.02.16 03:23:32.672,0.93197,0.93248,1.50,1.37
2015.02.16 03:23:33.265,0.93203,0.93247,1.12,1.00
2015.02.16 03:23:33.418,0.93202,0.93248,1.37,1.00
2015.02.16 03:23:33.810,0.93203,0.93247,1.75,1.00
2015.02.16 03:23:33.860,0.93203,0.93252,1.75,1.00
2015.02.16 03:23:33.969,0.93203,0.93252,1.37,1.00
2015.02.16 03:23:34.842,0.93201,0.93247,1.75,1.00
2015.02.16 03:23:35.842,0.93201,0.93252,1.75,1.00
2015.02.16 03:23:35.893,0.93201,0.93252,1.75,1.00
2015.02.16 03:23:36.334,0.93201,0.93242,1.75,1.00
2015.02.16 03:23:36.385,0.93201,0.93247,1.75,1.00
2015.02.16 03:23:36.604,0.93201,0.93252,1.75,1.00
2015.02.16 03:23:36.824,0.93201,0.93242,1.75,1.00
2015.02.16 03:23:37.044,0.93201,0.93247,1.75,1.00
2015.02.16 03:23:37.278,0.93201,0.93247,1.50,1.00
2015.02.16 03:23:37.379,0.93201,0.93252,1.37,1.00
2015.02.16 03:23:37.513,0.93201,0.93252,1.37,1.37
2015.02.16 03:23:37.985,0.93201,0.93242,1.37,1.00
2015.02.16 03:23:40.728,0.93201,0.93242,1.37,1.00
2015.02.16 03:23:41.189,0.93201,0.93243,1.12,1.00
2015.02.16 03:23:41.314,0.93201,0.93243,1.37,1.00
2015.02.16 03:23:42.902,0.93197,0.93248,1.75,1.37
2015.02.16 03:23:43.669,0.93198,0.93242,1.50,1.00
2015.02.16 03:23:43.719,0.93198,0.93242,1.37,1.00
2015.02.16 03:23:44.281,0.93198,0.93242,1.37,1.00
2015.02.16 03:23:46.063,0.93197,0.93243,1.50,1.00
2015.02.16 03:23:47.630,0.93198,0.93242,1.75,1.00
2015.02.16 03:23:48.043,0.93203,0.93247,1.37,1.00
2015.02.16 03:23:48.372,0.93198,0.93242,1.75,1.00
2015.02.16 03:23:49.593,0.93203,0.93247,1.37,1.00
2015.02.16 03:23:49.694,0.93198,0.93242,1.75,1.00
2015.02.16 03:23:50.464,0.93202,0.93248,1.37,1.12
2015.02.16 03:23:55.884,0.93198,0.93242,1.75,1.00
2015.02.16 03:23:57.422,0.93203,0.93247,1.37,1.00
2015.02.16 03:23:57.473,0.93203,0.93247,1.50,1.00
2015.02.16 03:23:57.866,0.93201,0.93242,1.75,1.00
2015.02.16 03:23:58.668,0.93201,0.93242,1.37,1.00
2015.02.16 03:23:58.968,0.93201,0.93242,1.75,1.00
2015.02.16 03:23:59.614,0.93203,0.93247,1.37,1.00
2015.02.16 03:24:01.773,0.93203,0.93247,1.75,1.00
2015.02.16 03:24:02.155,0.93202,0.93253,3.00,1.00
2015.02.16 03:24:02.766,0.93203,0.93252,1.75,1.00
2015.02.16 03:24:03.142,0.93202,0.93258,2.25,1.37
2015.02.16 03:24:03.361,0.93202,0.93248,1.75,1.00
2015.02.16 03:24:03.884,0.93202,0.93253,1.75,1.00
2015.02.16 03:24:05.312,0.93201,0.93247,1.75,1.00
2015.02.16 03:24:13.781,0.93201,0.93248,1.75,1.00
2015.02.16 03:24:14.424,0.93201,0.93248,1.75,1.00
2015.02.16 03:24:14.626,0.932,0.93248,1.75,1.00
2015.02.16 03:24:16.407,0.932,0.93248,1.75,1.00
2015.02.16 03:24:16.963,0.932,0.93248,1.75,1.00
2015.02.16 03:24:19.832,0.93202,0.93253,1.75,1.37
2015.02.16 03:24:20.382,0.93201,0.93243,1.75,1.00
2015.02.16 03:24:21.042,0.93201,0.93242,1.75,1.00
2015.02.16 03:24:21.592,0.93201,0.93242,1.75,1.00
2015.02.16 03:24:21.743,0.93198,0.93242,1.75,1.00
2015.02.16 03:24:22.268,0.93197,0.93243,1.75,1.00
2015.02.16 03:24:23.937,0.93201,0.93242,1.75,1.00
2015.02.16 03:24:24.151,0.93201,0.93247,1.75,1.00
2015.02.16 03:24:25.222,0.93201,0.93248,1.75,1.00
2015.02.16 03:24:25.331,0.93201,0.93253,1.75,1.37
2015.02.16 03:24:25.661,0.93202,0.93242,1.50,1.00
2015.02.16 03:24:29.464,0.93198,0.93242,2.25,1.00
2015.02.16 03:24:29.965,0.93198,0.93242,2.25,1.00
2015.02.16 03:24:30.166,0.93198,0.93242,2.25,1.00
2015.02.16 03:24:31.368,0.93198,0.93242,1.75,1.00
2015.02.16 03:24:34.571,0.93199,0.93243,1.75,1.00
2015.02.16 03:24:42.381,0.93199,0.93242,1.75,1.00
2015.02.16 03:24:42.774,0.93205,0.93242,1.75,1.00
2015.02.16 03:24:43.163,0.93205,0.93248,1.75,1.00
2015.02.16 03:24:43.591,0.93205,0.93242,1.75,1.00
2015.02.16 03:24:43.692,0.93205,0.93242,1.75,1.00
2015.02.16 03:24:44.230,0.93205,0.93242,1.75,1.00
2015.02.16 03:24:45.768,0.93202,0.93242,1.75,1.00
2015.02.16 03:24:45.900,0.93203,0.93247,1.50,1.00
2015.02.16 03:24:46.124,0.93203,0.93247,1.75,1.00
2015.02.16 03:24:46.441,0.93201,0.93242,1.75,1.00
2015.02.16 03:24:46.561,0.93203,0.93247,1.37,1.00
2015.02.16 03:24:48.101,0.93201,0.93242,1.75,1.00
2015.02.16 03:24:48.834,0.93202,0.93242,1.75,1.00
2015.02.16 03:24:49.310,0.93202,0.93242,1.75,1.00
2015.02.16 03:24:51.850,0.93201,0.93242,1.75,1.00
2015.02.16 03:24:51.951,0.932,0.93242,1.75,1.00
2015.02.16 03:24:54.121,0.93201,0.93242,1.75,1.00
2015.02.16 03:24:54.421,0.93201,0.93243,1.75,1.00
2015.02.16 03:24:55.140,0.93201,0.93242,1.75,1.00
2015.02.16 03:24:56.596,0.93201,0.93242,1.75,1.00
2015.02.16 03:24:56.697,0.93201,0.93242,2.25,1.00
2015.02.16 03:24:56.901,0.93202,0.93248,1.75,1.00
2015.02.16 03:24:57.410,0.93202,0.93248,1.75,1.00
2015.02.16 03:24:57.587,0.93201,0.93243,1.75,1.00
2015.02.16 03:24:59.322,0.93201,0.93242,1.75,1.00
2015.02.16 03:24:59.595,0.932,0.93242,2.25,1.00
2015.02.16 03:24:59.696,0.93203,0.93242,1.37,1.00
2015.02.16 03:25:00.192,0.932,0.93243,1.50,1.00
2015.02.16 03:25:03.059,0.93201,0.93243,1.75,1.00
2015.02.16 03:25:03.392,0.93202,0.93248,1.75,1.00
2015.02.16 03:25:04.187,0.93203,0.93247,1.75,1.00
2015.02.16 03:25:04.594,0.93201,0.93248,1.75,1.00
2015.02.16 03:25:04.934,0.93201,0.93243,1.75,1.00
2015.02.16 03:25:06.112,0.93201,0.93243,1.75,1.00
2015.02.16 03:25:06.412,0.93201,0.93243,1.75,1.00
2015.02.16 03:25:07.132,0.93201,0.93242,1.75,1.00
2015.02.16 03:25:09.191,0.93201,0.93242,1.75,1.00
2015.02.16 03:25:12.262,0.93204,0.93242,1.75,1.00
2015.02.16 03:25:12.575,0.93204,0.93248,1.75,1.00
2015.02.16 03:25:13.662,0.93201,0.93243,1.75,1.00
2015.02.16 03:25:27.852,0.932,0.93242,1.75,1.00
2015.02.16 03:25:34.524,0.932,0.93242,1.75,1.00
2015.02.16 03:25:34.833,0.93204,0.93243,1.75,1.00
2015.02.16 03:25:34.894,0.93204,0.93247,1.75,1.00
2015.02.16 03:25:35.426,0.93204,0.93248,1.37,1.00
2015.02.16 03:25:37.342,0.93204,0.93247,1.37,1.00
2015.02.16 03:25:37.392,0.93204,0.93247,1.75,1.00
2015.02.16 03:25:37.923,0.93207,0.93248,1.75,1.00
2015.02.16 03:25:40.330,0.93213,0.93252,1.37,1.12
2015.02.16 03:25:40.831,0.93208,0.93247,1.75,1.00
2015.02.16 03:25:40.882,0.93208,0.93247,1.37,1.00
2015.02.16 03:25:41.583,0.93208,0.93247,1.50,1.00
2015.02.16 03:25:41.684,0.93212,0.93253,1.12,1.37
2015.02.16 03:25:41.922,0.93212,0.93258,1.75,1.00
2015.02.16 03:25:42.022,0.93215,0.93258,1.00,1.00
2015.02.16 03:25:42.073,0.93214,0.93252,1.00,1.00
2015.02.16 03:25:42.174,0.93214,0.93258,1.00,1.00
2015.02.16 03:25:42.685,0.93214,0.93257,1.75,1.00
2015.02.16 03:25:42.857,0.93214,0.93262,1.75,1.00
2015.02.16 03:25:42.908,0.93214,0.93262,1.75,1.00
2015.02.16 03:25:43.420,0.93218,0.93262,1.75,1.00
2015.02.16 03:25:43.742,0.93219,0.93263,1.75,1.00
2015.02.16 03:25:43.915,0.93225,0.93267,1.75,1.00
2015.02.16 03:25:44.023,0.93225,0.93267,1.37,1.00
2015.02.16 03:25:44.351,0.93221,0.93263,1.75,1.00
2015.02.16 03:25:44.938,0.93221,0.93262,1.75,1.00
2015.02.16 03:25:45.383,0.93221,0.93268,1.75,1.00
2015.02.16 03:25:45.433,0.93221,0.93268,1.75,1.00
2015.02.16 03:25:45.941,0.93221,0.93268,1.75,1.00
2015.02.16 03:25:46.477,0.93221,0.93267,1.75,1.00
2015.02.16 03:25:46.706,0.93222,0.93273,1.75,1.00
2015.02.16 03:25:46.902,0.93222,0.93273,1.50,1.00
2015.02.16 03:25:48.819,0.93222,0.93273,1.75,1.00
2015.02.16 03:25:49.976,0.93222,0.93273,1.75,1.00
2015.02.16 03:25:52.427,0.93223,0.93272,1.75,1.00
2015.02.16 03:25:52.591,0.93223,0.93272,1.75,1.00
2015.02.16 03:25:52.642,0.93223,0.93278,1.75,1.50
2015.02.16 03:25:55.189,0.93227,0.93278,1.50,1.00
2015.02.16 03:25:55.891,0.93227,0.93278,1.37,1.00
2015.02.16 03:25:56.381,0.93223,0.93272,1.75,1.00
2015.02.16 03:25:56.492,0.93223,0.93272,1.37,1.00
2015.02.16 03:25:57.034,0.93222,0.93273,1.75,1.00
2015.02.16 03:25:59.384,0.93222,0.93273,1.37,1.00
2015.02.16 03:26:01.145,0.93222,0.93273,1.50,1.00
2015.02.16 03:26:03.051,0.93227,0.93278,1.12,2.62
2015.02.16 03:26:03.591,0.93227,0.93278,1.37,1.50
2015.02.16 03:26:08.628,0.93227,0.93278,1.37,1.87
2015.02.16 03:26:09.371,0.93228,0.93277,1.37,1.00
2015.02.16 03:26:10.091,0.93227,0.93278,1.37,1.50
2015.02.16 03:26:11.033,0.93227,0.93278,1.75,1.50
2015.02.16 03:26:11.410,0.93231,0.93278,1.75,1.00
2015.02.16 03:26:11.631,0.93233,0.93282,1.75,1.00
2015.02.16 03:26:12.214,0.93233,0.93282,2.25,1.00
2015.02.16 03:26:12.377,0.93235,0.93282,1.75,1.00
2015.02.16 03:26:15.370,0.93235,0.93287,1.75,1.00
2015.02.16 03:26:15.601,0.93233,0.93277,1.75,1.00
2015.02.16 03:26:20.651,0.93232,0.93278,3.00,1.00
2015.02.16 03:26:21.328,0.93233,0.93277,2.25,1.00
2015.02.16 03:26:22.606,0.93233,0.93277,2.25,1.00
2015.02.16 03:26:22.953,0.93233,0.93272,1.75,1.00
2015.02.16 03:26:23.104,0.93232,0.93278,2.25,1.00
2015.02.16 03:26:24.061,0.93233,0.93277,1.75,1.00
2015.02.16 03:26:29.138,0.93233,0.93277,1.75,1.00
2015.02.16 03:26:29.746,0.93232,0.93278,1.75,1.00
2015.02.16 03:26:30.272,0.93232,0.93278,1.75,1.00
2015.02.16 03:26:31.117,0.9323,0.93272,1.75,1.00
2015.02.16 03:26:31.411,0.9323,0.93272,1.37,1.00
2015.02.16 03:26:31.512,0.93226,0.93272,1.37,1.00
2015.02.16 03:26:33.098,0.93223,0.93272,1.50,1.37
2015.02.16 03:26:33.670,0.93215,0.93267,1.75,1.00
2015.02.16 03:26:33.721,0.93215,0.93267,1.50,1.00
2015.02.16 03:26:34.421,0.93215,0.93267,1.37,1.00
2015.02.16 03:26:34.522,0.93213,0.93266,1.37,1.37
2015.02.16 03:26:34.622,0.93209,0.93262,1.75,1.00
2015.02.16 03:26:35.412,0.93209,0.93262,1.37,1.12
2015.02.16 03:26:36.159,0.93209,0.93257,1.37,1.00
2015.02.16 03:26:36.911,0.93208,0.93257,1.37,1.00
2015.02.16 03:26:38.141,0.93207,0.93258,1.37,1.00
2015.02.16 03:26:41.110,0.93208,0.93257,1.37,1.00
2015.02.16 03:26:42.340,0.93203,0.93252,2.25,1.00
2015.02.16 03:26:42.391,0.93203,0.93252,1.87,1.00
2015.02.16 03:26:42.889,0.93203,0.93252,1.37,1.00
2015.02.16 03:26:45.840,0.93202,0.93253,1.37,1.00
2015.02.16 03:26:46.585,0.93203,0.93252,1.37,1.00
2015.02.16 03:26:47.698,0.93203,0.93252,1.37,1.37
2015.02.16 03:26:48.235,0.93203,0.93252,1.37,1.00
2015.02.16 03:26:48.810,0.93202,0.93253,1.37,1.00
2015.02.16 03:26:52.450,0.93202,0.93253,1.37,1.37
2015.02.16 03:26:54.455,0.93202,0.93253,1.37,1.00
2015.02.16 03:26:57.461,0.93202,0.93253,1.37,1.12
2015.02.16 03:27:01.670,0.93202,0.93253,1.37,1.00
2015.02.16 03:27:02.295,0.93198,0.93253,1.37,1.37
2015.02.16 03:27:02.396,0.93198,0.93253,1.50,1.00
2015.02.16 03:27:02.929,0.93203,0.93252,1.12,1.00
2015.02.16 03:27:03.240,0.93198,0.93252,1.37,1.00
2015.02.16 03:27:03.330,0.93195,0.93248,1.75,1.00
2015.02.16 03:27:03.582,0.93195,0.93252,1.75,1.37
2015.02.16 03:27:03.633,0.93195,0.93252,1.37,1.37
2015.02.16 03:27:03.896,0.93195,0.93242,1.37,1.00
2015.02.16 03:27:04.350,0.93195,0.93248,1.37,1.00
2015.02.16 03:27:05.151,0.93195,0.93248,1.37,1.00
2015.02.16 03:27:06.116,0.93195,0.93248,1.75,1.00
2015.02.16 03:27:06.442,0.93207,0.93247,1.37,1.00
2015.02.16 03:27:06.660,0.93212,0.93258,1.37,1.12
2015.02.16 03:27:06.865,0.93212,0.93242,1.12,1.00
2015.02.16 03:27:07.386,0.93212,0.93243,1.12,1.00
2015.02.16 03:27:07.880,0.93212,0.93238,1.00,1.00
2015.02.16 03:27:09.363,0.93211,0.93238,1.00,1.00
2015.02.16 03:27:10.809,0.93211,0.93242,1.00,1.00
2015.02.16 03:27:11.350,0.93212,0.93242,1.00,1.00
2015.02.16 03:27:13.827,0.93211,0.93242,1.00,1.00
2015.02.16 03:27:15.691,0.93211,0.93242,1.37,1.00
2015.02.16 03:27:18.661,0.93212,0.93243,1.12,1.00
2015.02.16 03:27:22.309,0.93212,0.93242,1.12,1.00
2015.02.16 03:27:31.013,0.93208,0.93242,1.50,1.00
2015.02.16 03:27:31.566,0.93208,0.93252,1.50,1.00
2015.02.16 03:27:31.817,0.93212,0.93252,1.75,1.00
2015.02.16 03:27:32.130,0.93219,0.93257,1.37,1.00
2015.02.16 03:27:32.231,0.93225,0.93257,1.37,1.00
2015.02.16 03:27:32.331,0.93225,0.93262,1.37,1.00
2015.02.16 03:27:32.533,0.93229,0.93262,1.37,1.00
2015.02.16 03:27:32.583,0.93229,0.93268,1.37,1.00
2015.02.16 03:27:32.634,0.93229,0.93268,1.75,1.00
2015.02.16 03:27:32.816,0.93229,0.93268,1.37,1.00
2015.02.16 03:27:32.917,0.93234,0.93267,1.37,1.00
2015.02.16 03:27:33.129,0.93239,0.93272,1.37,1.00
2015.02.16 03:27:33.897,0.93239,0.93277,1.37,1.00
2015.02.16 03:27:34.048,0.93239,0.93277,2.25,1.00
2015.02.16 03:27:34.098,0.93239,0.93282,2.25,1.00
2015.02.16 03:27:34.149,0.93239,0.93282,2.25,1.00
2015.02.16 03:27:34.820,0.93245,0.93283,1.37,1.00
2015.02.16 03:27:35.400,0.93245,0.93282,1.37,1.00
2015.02.16 03:27:36.428,0.93245,0.93282,1.37,1.00
2015.02.16 03:27:36.730,0.93247,0.93282,1.75,1.00
2015.02.16 03:27:36.866,0.93247,0.93282,1.37,1.00
2015.02.16 03:27:37.396,0.93247,0.93288,1.37,1.00
2015.02.16 03:27:37.447,0.93252,0.93288,1.37,1.00
2015.02.16 03:27:37.806,0.93252,0.93288,1.37,1.00
2015.02.16 03:27:37.857,0.93252,0.93292,1.37,1.00
2015.02.16 03:27:40.900,0.93252,0.93293,1.37,1.00
2015.02.16 03:27:41.339,0.93252,0.93303,1.37,1.00
2015.02.16 03:27:41.389,0.93252,0.93303,1.37,1.37
2015.02.16 03:27:41.720,0.93252,0.93282,1.00,1.00
2015.02.16 03:27:41.771,0.93246,0.93282,1.37,1.00
2015.02.16 03:27:41.821,0.93246,0.93277,1.37,1.00
2015.02.16 03:27:41.872,0.93245,0.93277,1.37,1.00
2015.02.16 03:27:42.062,0.93245,0.93277,1.00,1.00
2015.02.16 03:27:42.163,0.93234,0.93278,1.75,1.00
2015.02.16 03:27:44.128,0.93234,0.93273,1.75,1.00
2015.02.16 03:27:44.528,0.93234,0.93278,1.75,1.00
2015.02.16 03:27:44.909,0.93239,0.93277,1.75,1.00
2015.02.16 03:27:49.865,0.93239,0.93277,1.75,1.00
2015.02.16 03:27:51.670,0.93239,0.93277,1.75,1.00
2015.02.16 03:27:55.178,0.93239,0.93277,1.75,1.00
2015.02.16 03:28:01.398,0.93239,0.93278,1.75,1.00
2015.02.16 03:28:01.449,0.93239,0.93278,1.75,1.00
2015.02.16 03:28:02.023,0.93239,0.93277,1.75,1.00
2015.02.16 03:28:03.901,0.93239,0.93277,1.75,1.00
2015.02.16 03:28:03.987,0.93239,0.93277,1.37,1.00
2015.02.16 03:28:04.209,0.93239,0.93277,1.75,1.00
2015.02.16 03:28:09.345,0.93238,0.93277,1.75,1.00
2015.02.16 03:28:09.865,0.93237,0.93277,1.37,1.00
2015.02.16 03:28:23.496,0.93237,0.93277,1.37,1.00
2015.02.16 03:28:23.998,0.93233,0.93277,1.37,1.00
2015.02.16 03:28:24.622,0.93233,0.93277,1.12,1.00
2015.02.16 03:28:24.700,0.93233,0.93277,1.50,1.00
2015.02.16 03:28:24.800,0.93233,0.93277,1.37,1.00
2015.02.16 03:28:24.901,0.93233,0.93277,1.37,1.00
2015.02.16 03:28:24.952,0.93233,0.93282,1.87,1.00
2015.02.16 03:28:25.103,0.93233,0.93282,1.87,1.00
2015.02.16 03:28:25.204,0.93228,0.93282,1.87,1.00
2015.02.16 03:28:25.341,0.93233,0.93277,1.00,1.00
2015.02.16 03:28:27.920,0.93233,0.93277,1.37,1.00
2015.02.16 03:28:28.093,0.93233,0.93286,1.37,1.37
2015.02.16 03:28:28.603,0.93232,0.93286,1.37,1.37
2015.02.16 03:28:28.953,0.93234,0.93283,1.50,1.00
2015.02.16 03:28:29.607,0.93234,0.93283,1.75,1.00
2015.02.16 03:28:29.657,0.93234,0.93288,1.75,1.00
2015.02.16 03:28:30.351,0.93234,0.93287,1.75,1.00
2015.02.16 03:28:31.064,0.93236,0.93292,1.50,1.87
2015.02.16 03:28:31.115,0.93236,0.93292,1.37,1.50
2015.02.16 03:28:31.216,0.93248,0.93292,1.00,1.50
2015.02.16 03:28:31.760,0.93247,0.93293,1.75,1.00
2015.02.16 03:28:32.314,0.93248,0.93292,1.00,1.00
2015.02.16 03:28:32.415,0.93252,0.93298,1.37,1.00
2015.02.16 03:28:32.599,0.93247,0.93302,1.00,1.00
2015.02.16 03:28:32.819,0.93257,0.93303,1.00,1.00
2015.02.16 03:28:33.338,0.93258,0.93302,1.00,1.00
2015.02.16 03:28:33.388,0.93253,0.93302,1.00,1.00
2015.02.16 03:28:33.439,0.93253,0.93302,1.75,1.00
2015.02.16 03:28:33.982,0.93252,0.93303,1.75,1.00
2015.02.16 03:28:34.798,0.93251,0.93308,1.75,1.37
2015.02.16 03:28:34.899,0.93252,0.93308,1.75,1.87
2015.02.16 03:28:34.950,0.93252,0.93308,1.37,2.25
2015.02.16 03:28:35.001,0.93247,0.93304,2.25,2.25
2015.02.16 03:28:35.118,0.93247,0.93304,1.87,1.87
2015.02.16 03:28:35.219,0.93245,0.93302,1.87,1.12
2015.02.16 03:28:35.620,0.93253,0.93302,1.00,1.37
2015.02.16 03:28:36.584,0.93253,0.93302,1.00,1.37
2015.02.16 03:28:36.908,0.93248,0.93299,1.00,1.37
2015.02.16 03:28:37.139,0.93248,0.93292,1.00,1.00
2015.02.16 03:28:39.090,0.93247,0.93298,1.00,1.37
2015.02.16 03:28:39.398,0.93248,0.93297,1.00,1.12
2015.02.16 03:28:39.449,0.93248,0.93292,1.00,1.00
2015.02.16 03:28:41.068,0.93242,0.93288,1.87,1.00
2015.02.16 03:28:41.574,0.93242,0.93288,1.37,1.00
2015.02.16 03:28:41.625,0.93242,0.93288,1.12,1.00
2015.02.16 03:28:48.017,0.93242,0.93288,1.37,1.12
2015.02.16 03:28:48.328,0.93238,0.93277,1.50,1.00
2015.02.16 03:28:55.192,0.93237,0.93278,2.25,1.00
2015.02.16 03:29:05.377,0.93238,0.93277,1.50,1.00
2015.02.16 03:29:05.428,0.93238,0.93277,1.37,1.00
2015.02.16 03:29:05.539,0.93238,0.93277,1.37,1.00
2015.02.16 03:29:05.907,0.93232,0.93278,1.37,1.00
2015.02.16 03:29:06.037,0.93231,0.93273,1.37,1.00
2015.02.16 03:29:06.397,0.93231,0.93273,1.12,1.00
2015.02.16 03:29:06.699,0.93228,0.93272,1.37,1.00
2015.02.16 03:29:06.913,0.93222,0.93273,1.37,1.37
2015.02.16 03:29:07.014,0.93222,0.93273,1.12,1.37
2015.02.16 03:29:07.165,0.93223,0.93267,1.00,1.00
2015.02.16 03:29:07.728,0.93222,0.93268,1.00,1.00
2015.02.16 03:29:08.267,0.93223,0.93272,1.00,1.37
2015.02.16 03:29:08.387,0.93217,0.93268,1.87,1.00
2015.02.16 03:29:11.311,0.93217,0.93268,2.25,1.00
2015.02.16 03:29:11.362,0.93217,0.93273,1.50,1.00
2015.02.16 03:29:11.413,0.93217,0.93273,1.75,1.00
2015.02.16 03:29:11.983,0.93233,0.93272,1.50,1.00
2015.02.16 03:29:12.348,0.93233,0.93272,1.75,1.00
2015.02.16 03:29:14.520,0.93233,0.93272,1.50,1.00
2015.02.16 03:29:16.860,0.93232,0.93273,1.75,1.00
2015.02.16 03:29:18.358,0.93238,0.93277,1.12,1.00
2015.02.16 03:29:20.888,0.93237,0.93278,1.37,1.00
2015.02.16 03:29:21.497,0.93238,0.93277,1.12,1.00
2015.02.16 03:29:21.590,0.93243,0.93282,1.00,1.37
2015.02.16 03:29:21.790,0.93243,0.93282,1.00,1.00
2015.02.16 03:29:22.793,0.93243,0.93282,1.37,1.00
2015.02.16 03:29:32.108,0.93243,0.93282,1.37,1.00
2015.02.16 03:29:32.913,0.93242,0.93288,1.75,1.00
2015.02.16 03:29:33.148,0.93244,0.93287,1.50,1.00
2015.02.16 03:29:33.249,0.93244,0.93287,1.37,1.00
2015.02.16 03:29:33.350,0.93244,0.93288,1.37,1.00
2015.02.16 03:29:33.616,0.93244,0.93287,1.37,1.00
2015.02.16 03:29:33.880,0.93248,0.93287,1.00,1.00
2015.02.16 03:29:34.217,0.93248,0.93287,1.37,1.00
2015.02.16 03:29:36.836,0.93247,0.93288,1.50,1.00
2015.02.16 03:29:37.856,0.93247,0.93288,1.75,1.00
2015.02.16 03:29:40.407,0.93247,0.93288,1.75,1.00
2015.02.16 03:29:40.888,0.93247,0.93288,1.75,1.00
2015.02.16 03:29:40.964,0.93247,0.93288,1.75,1.00
2015.02.16 03:29:41.407,0.93248,0.93287,1.75,1.00
2015.02.16 03:29:41.568,0.93249,0.93292,1.75,1.00
2015.02.16 03:29:41.819,0.93252,0.93298,1.75,1.00
2015.02.16 03:29:42.096,0.93255,0.93298,1.75,1.00
2015.02.16 03:29:42.337,0.93255,0.93302,1.75,1.00
2015.02.16 03:29:42.669,0.93255,0.93303,1.50,1.00
2015.02.16 03:29:42.969,0.93255,0.93302,1.37,1.00
2015.02.16 03:29:43.104,0.93255,0.93302,1.75,1.00
2015.02.16 03:29:43.713,0.93255,0.93303,1.75,1.00
2015.02.16 03:29:44.318,0.93255,0.93302,1.75,1.00
2015.02.16 03:29:44.827,0.9326,0.93302,1.37,1.00
2015.02.16 03:29:45.353,0.93256,0.93302,1.50,1.00
2015.02.16 03:29:45.857,0.93255,0.93303,1.50,1.00
2015.02.16 03:29:46.176,0.93256,0.93303,1.75,1.00
2015.02.16 03:29:46.680,0.93256,0.93302,1.75,1.00
2015.02.16 03:29:49.028,0.93256,0.93302,1.37,1.00
2015.02.16 03:29:49.651,0.93256,0.93303,1.37,1.00
2015.02.16 03:29:52.128,0.93256,0.93302,1.37,1.00
2015.02.16 03:29:54.653,0.93256,0.93302,1.75,1.00
2015.02.16 03:29:55.263,0.93256,0.93302,1.75,1.00
2015.02.16 03:30:00.158,0.93256,0.93307,1.75,1.12
2015.02.16 03:30:00.917,0.93256,0.93307,1.75,1.00
2015.02.16 03:30:01.246,0.93257,0.93308,1.75,1.37
2015.02.16 03:30:01.912,0.93257,0.93308,1.75,1.37
2015.02.16 03:30:03.129,0.93258,0.93302,1.75,1.00
2015.02.16 03:30:03.728,0.93257,0.93302,1.75,1.00
2015.02.16 03:30:12.037,0.93258,0.93308,1.75,1.37
2015.02.16 03:30:12.147,0.93258,0.93308,1.37,1.50
2015.02.16 03:30:12.247,0.93252,0.93308,1.75,1.75
2015.02.16 03:30:12.418,0.93252,0.93303,1.75,1.00
2015.02.16 03:30:12.619,0.93258,0.93302,1.75,1.00
2015.02.16 03:30:13.138,0.93258,0.93302,1.75,1.00
2015.02.16 03:30:13.748,0.93258,0.93303,1.75,1.00
2015.02.16 03:30:14.156,0.93257,0.93302,1.50,1.00
2015.02.16 03:30:14.738,0.93258,0.93303,1.37,1.00
2015.02.16 03:30:16.327,0.93258,0.93307,1.37,1.37
2015.02.16 03:30:16.378,0.93258,0.93307,1.12,1.75
2015.02.16 03:30:16.479,0.93251,0.93306,1.37,1.75
2015.02.16 03:30:17.177,0.93246,0.93298,1.75,1.37
2015.02.16 03:30:21.497,0.93246,0.93292,1.75,1.00
2015.02.16 03:30:21.956,0.93247,0.93292,1.37,1.00
2015.02.16 03:30:22.479,0.93242,0.93293,1.75,1.37
2015.02.16 03:30:22.647,0.93242,0.93292,1.37,1.37
2015.02.16 03:30:23.040,0.93242,0.93292,1.75,1.00
2015.02.16 03:30:23.432,0.93242,0.93292,1.37,1.37
2015.02.16 03:30:24.965,0.93242,0.93292,1.75,1.12
2015.02.16 03:30:25.265,0.93242,0.93292,1.37,1.37
2015.02.16 03:30:25.669,0.93241,0.93292,1.50,1.37
2015.02.16 03:30:26.022,0.93235,0.93287,1.75,1.37
2015.02.16 03:30:26.173,0.93232,0.93288,1.75,1.37
2015.02.16 03:30:26.297,0.93232,0.93288,1.75,1.37
2015.02.16 03:30:26.622,0.93232,0.93282,1.75,1.00
2015.02.16 03:30:27.158,0.9323,0.93283,1.75,1.00
2015.02.16 03:30:27.420,0.9323,0.93282,1.75,1.00
2015.02.16 03:30:27.720,0.9323,0.93282,1.37,1.00
2015.02.16 03:30:31.397,0.9323,0.93287,1.37,1.37
2015.02.16 03:30:31.626,0.9323,0.93283,1.37,1.00
2015.02.16 03:30:31.840,0.9323,0.93287,1.37,1.37
2015.02.16 03:30:33.057,0.9323,0.93283,1.37,1.00
2015.02.16 03:30:33.392,0.9323,0.93287,1.75,1.37
2015.02.16 03:30:35.259,0.9323,0.93288,1.75,1.37
2015.02.16 03:30:36.959,0.93236,0.93291,1.75,1.37
2015.02.16 03:30:37.323,0.93242,0.93292,1.37,1.12
2015.02.16 03:30:37.850,0.93242,0.93292,1.50,1.00
2015.02.16 03:30:38.657,0.93242,0.93293,1.50,1.00
2015.02.16 03:30:40.307,0.93243,0.93297,1.37,1.37
2015.02.16 03:30:47.281,0.93243,0.93297,1.37,1.37
2015.02.16 03:30:48.153,0.93243,0.93297,1.50,1.75
2015.02.16 03:30:53.353,0.93241,0.93293,1.50,1.37
