2012.11.15 08:00:05.610,0.81342,0.81371,2.10,1.58
2012.11.15 08:00:05.799,0.8134,0.8137,1.50,1.73
2012.11.15 08:00:05.950,0.8134,0.8137,1.73,1.73
2012.11.15 08:00:11.699,0.81348,0.81377,1.73,1.73
2012.11.15 08:00:12.890,0.81346,0.81377,2.10,1.73
2012.11.15 08:00:13.009,0.81346,0.81375,1.88,1.73
2012.11.15 08:00:15.450,0.81347,0.81374,1.73,1.73
2012.11.15 08:00:15.594,0.81346,0.81374,1.73,1.73
2012.11.15 08:00:15.651,0.81345,0.81372,1.50,1.73
2012.11.15 08:00:19.121,0.81341,0.81372,2.10,2.33
2012.11.15 08:00:19.384,0.81341,0.81368,1.88,1.73
2012.11.15 08:00:21.712,0.81347,0.81376,1.73,1.73
2012.11.15 08:00:23.662,0.81346,0.81375,1.73,1.73
2012.11.15 08:00:23.921,0.81344,0.81373,2.10,1.73
2012.11.15 08:00:24.159,0.81344,0.81374,1.73,2.10
2012.11.15 08:00:24.219,0.81344,0.81374,1.73,1.88
2012.11.15 08:00:25.045,0.81347,0.81376,1.73,1.73
2012.11.15 08:00:25.171,0.81345,0.81374,1.73,1.50
2012.11.15 08:00:25.411,0.81344,0.81371,1.73,1.73
2012.11.15 08:00:50.547,0.81342,0.8137,1.35,1.50
2012.11.15 08:00:50.770,0.81339,0.81368,2.10,1.73
2012.11.15 08:00:52.749,0.81336,0.81366,2.10,1.73
2012.11.15 08:00:52.809,0.81336,0.81366,1.88,1.73
2012.11.15 08:00:58.251,0.81336,0.81364,1.13,1.73
2012.11.15 08:00:58.915,0.81336,0.81364,1.50,1.73
2012.11.15 08:00:59.850,0.81333,0.8136,1.13,1.50
2012.11.15 08:01:00.029,0.81323,0.81353,1.07,1.73
2012.11.15 08:01:00.150,0.81324,0.81355,1.65,1.98
2012.11.15 08:01:00.210,0.81334,0.81355,1.13,1.13
2012.11.15 08:01:00.450,0.81334,0.81358,1.13,2.25
2012.11.15 08:01:00.570,0.81334,0.81358,1.13,1.50
2012.11.15 08:01:07.050,0.81337,0.81362,1.13,1.73
2012.11.15 08:01:16.383,0.81338,0.81363,1.13,1.73
2012.11.15 08:01:16.754,0.81338,0.81364,1.35,1.50
2012.11.15 08:01:17.439,0.81341,0.81368,1.35,1.50
2012.11.15 08:01:17.499,0.81341,0.81368,2.10,1.50
2012.11.15 08:01:17.619,0.81341,0.81368,1.35,1.50
2012.11.15 08:01:17.739,0.81341,0.81369,1.35,1.73
2012.11.15 08:01:17.860,0.81341,0.81369,1.35,1.73
2012.11.15 08:01:18.131,0.81342,0.81371,1.73,1.73
2012.11.15 08:01:18.883,0.81342,0.81373,1.73,2.10
2012.11.15 08:01:19.002,0.81347,0.81374,1.35,1.50
2012.11.15 08:01:19.220,0.81347,0.81373,1.35,1.50
2012.11.15 08:01:21.129,0.81349,0.81375,1.73,1.50
2012.11.15 08:01:21.940,0.81348,0.81379,1.73,2.33
2012.11.15 08:01:22.300,0.8135,0.81373,1.73,1.50
2012.11.15 08:01:22.420,0.81342,0.81368,1.88,1.13
2012.11.15 08:01:22.660,0.8134,0.81368,1.73,1.35
2012.11.15 08:01:22.720,0.8134,0.81368,1.73,1.35
2012.11.15 08:01:22.929,0.81343,0.81369,1.73,1.88
2012.11.15 08:01:23.511,0.81343,0.81369,1.73,1.13
2012.11.15 08:01:24.581,0.81343,0.81377,2.10,1.35
2012.11.15 08:01:24.640,0.81345,0.81377,1.73,1.35
2012.11.15 08:01:25.150,0.81346,0.81377,2.10,1.35
2012.11.15 08:01:25.279,0.81349,0.81379,1.73,1.73
2012.11.15 08:01:25.619,0.81349,0.8138,1.73,1.35
2012.11.15 08:01:25.740,0.81352,0.8138,1.73,1.13
2012.11.15 08:01:26.363,0.81352,0.81379,1.73,1.50
2012.11.15 08:01:27.311,0.81351,0.81379,1.35,1.73
2012.11.15 08:01:28.730,0.81348,0.81374,1.35,1.50
2012.11.15 08:01:28.850,0.81346,0.81374,2.10,1.73
2012.11.15 08:01:29.173,0.81348,0.81378,1.73,1.35
2012.11.15 08:01:29.290,0.81356,0.81382,1.73,2.25
2012.11.15 08:01:29.469,0.81352,0.81379,1.73,1.35
2012.11.15 08:01:33.730,0.81348,0.81373,1.35,1.73
2012.11.15 08:01:34.121,0.81347,0.81373,2.10,1.73
2012.11.15 08:01:34.481,0.81344,0.81373,1.35,1.73
2012.11.15 08:01:34.548,0.81345,0.81373,1.73,1.73
2012.11.15 08:01:38.918,0.81345,0.81372,1.73,1.50
2012.11.15 08:01:40.010,0.81347,0.81374,1.50,1.35
2012.11.15 08:01:41.126,0.81347,0.81374,1.50,1.35
2012.11.15 08:01:41.389,0.81339,0.81372,1.73,1.73
2012.11.15 08:01:43.644,0.81337,0.81369,2.48,1.73
2012.11.15 08:01:43.700,0.81337,0.81369,1.35,1.73
2012.11.15 08:01:44.269,0.81341,0.81368,1.50,1.35
2012.11.15 08:01:44.419,0.81341,0.81368,1.50,1.35
2012.11.15 08:01:44.949,0.81336,0.81368,1.50,2.01
2012.11.15 08:01:45.540,0.81334,0.81366,1.50,1.35
2012.11.15 08:01:45.939,0.81337,0.81366,1.50,1.35
2012.11.15 08:01:49.689,0.81341,0.81367,1.73,1.35
2012.11.15 08:01:51.237,0.81341,0.81368,1.73,1.35
2012.11.15 08:01:51.450,0.81337,0.81365,1.50,1.35
2012.11.15 08:01:51.739,0.81337,0.81365,1.50,1.35
2012.11.15 08:01:53.202,0.81334,0.81361,1.13,2.10
2012.11.15 08:01:53.260,0.81331,0.81361,1.88,2.33
2012.11.15 08:01:55.080,0.81331,0.81361,1.88,1.95
2012.11.15 08:01:58.611,0.81331,0.81354,1.88,3.60
2012.11.15 08:01:58.974,0.81331,0.81352,1.65,2.10
2012.11.15 08:01:59.089,0.81332,0.81352,1.13,1.50
2012.11.15 08:01:59.209,0.81327,0.81348,1.73,1.13
2012.11.15 08:02:00.631,0.81326,0.81353,1.73,2.10
2012.11.15 08:02:04.683,0.81327,0.81351,1.73,1.35
2012.11.15 08:02:05.124,0.81325,0.81354,1.73,1.88
2012.11.15 08:02:06.849,0.81328,0.81354,1.73,1.13
2012.11.15 08:02:07.380,0.81331,0.81354,1.50,1.13
2012.11.15 08:02:07.781,0.81337,0.81355,1.50,1.50
2012.11.15 08:02:07.940,0.81337,0.81361,1.50,1.35
2012.11.15 08:02:08.979,0.81336,0.81361,1.50,1.35
2012.11.15 08:02:27.862,0.81336,0.81364,1.50,2.48
2012.11.15 08:02:28.069,0.8134,0.81364,1.73,1.73
2012.11.15 08:02:28.260,0.81341,0.81367,1.50,2.10
2012.11.15 08:02:28.319,0.81341,0.81367,1.50,1.35
2012.11.15 08:02:28.639,0.81345,0.81369,1.73,1.13
2012.11.15 08:02:28.959,0.81348,0.81374,1.73,1.50
2012.11.15 08:02:31.230,0.81348,0.81374,1.73,1.13
2012.11.15 08:02:33.370,0.81347,0.81373,1.73,1.13
2012.11.15 08:02:33.500,0.81346,0.81373,1.73,1.35
2012.11.15 08:02:48.669,0.81341,0.81371,1.73,1.35
2012.11.15 08:02:51.127,0.81341,0.8137,1.73,1.35
2012.11.15 08:02:53.540,0.81342,0.8137,1.50,1.35
2012.11.15 08:03:00.671,0.81342,0.81369,1.50,1.35
2012.11.15 08:03:00.730,0.81336,0.81369,1.73,1.35
2012.11.15 08:03:02.069,0.81336,0.81367,1.73,1.35
2012.11.15 08:03:02.349,0.81336,0.81367,1.73,1.35
2012.11.15 08:03:05.501,0.81336,0.81368,1.73,1.35
2012.11.15 08:03:11.019,0.81336,0.81368,1.73,1.95
2012.11.15 08:03:12.541,0.81342,0.81366,1.50,1.35
2012.11.15 08:03:13.071,0.81342,0.81368,1.73,1.95
2012.11.15 08:03:13.206,0.81339,0.81368,1.73,1.95
2012.11.15 08:03:13.271,0.81337,0.81368,1.73,1.95
2012.11.15 08:03:13.792,0.81336,0.81365,1.73,1.95
2012.11.15 08:03:16.631,0.81336,0.81365,1.50,1.95
2012.11.15 08:03:16.690,0.81331,0.81363,2.10,1.35
2012.11.15 08:03:25.239,0.81326,0.81354,1.73,1.50
2012.11.15 08:03:25.299,0.81326,0.81354,1.73,1.73
2012.11.15 08:03:25.812,0.81324,0.81356,1.73,1.58
2012.11.15 08:03:26.941,0.81321,0.81353,2.10,1.13
2012.11.15 08:03:26.999,0.81321,0.81353,2.10,1.35
2012.11.15 08:03:31.892,0.81319,0.81351,1.35,1.35
2012.11.15 08:03:32.469,0.81322,0.81354,1.73,1.35
2012.11.15 08:03:38.882,0.81327,0.81353,1.73,1.58
2012.11.15 08:03:41.689,0.81326,0.81355,1.35,1.50
2012.11.15 08:03:41.749,0.81324,0.81355,1.73,1.73
2012.11.15 08:03:41.960,0.81325,0.81355,1.73,1.73
2012.11.15 08:03:42.200,0.81325,0.81355,1.73,1.73
2012.11.15 08:03:43.449,0.81322,0.81351,1.35,1.73
2012.11.15 08:03:43.661,0.81323,0.81353,1.73,2.10
2012.11.15 08:03:44.167,0.81323,0.81353,1.73,1.88
2012.11.15 08:03:44.378,0.81324,0.81353,1.61,1.88
2012.11.15 08:03:44.440,0.81326,0.81354,1.73,1.50
2012.11.15 08:03:44.949,0.81326,0.81354,1.73,1.13
2012.11.15 08:03:54.101,0.81326,0.81356,1.73,1.88
2012.11.15 08:03:54.239,0.81324,0.81352,1.35,1.50
2012.11.15 08:03:54.560,0.81322,0.81352,1.73,1.73
2012.11.15 08:03:55.361,0.81322,0.81353,1.73,2.10
2012.11.15 08:03:55.539,0.81324,0.81354,1.35,1.50
2012.11.15 08:03:55.691,0.81324,0.81354,1.35,1.73
2012.11.15 08:04:01.631,0.81323,0.81355,2.48,1.73
2012.11.15 08:04:02.240,0.81326,0.81356,1.73,1.50
2012.11.15 08:04:10.680,0.81327,0.81354,1.73,1.13
2012.11.15 08:04:10.811,0.8132,0.81348,1.35,1.50
2012.11.15 08:04:11.932,0.8132,0.81348,1.35,1.50
2012.11.15 08:04:13.374,0.81322,0.81348,1.35,1.50
2012.11.15 08:04:13.500,0.81322,0.81349,1.35,1.50
2012.11.15 08:04:14.119,0.81322,0.81349,2.10,1.50
2012.11.15 08:04:14.179,0.81322,0.81349,1.35,1.50
2012.11.15 08:04:15.055,0.81322,0.81349,1.35,1.50
2012.11.15 08:04:17.689,0.81321,0.81349,2.48,1.50
2012.11.15 08:04:18.430,0.81324,0.81349,1.35,1.50
2012.11.15 08:04:18.752,0.81322,0.81348,1.35,1.50
2012.11.15 08:04:21.126,0.81322,0.81348,1.35,2.40
2012.11.15 08:04:21.672,0.81323,0.81348,1.35,1.50
2012.11.15 08:04:24.780,0.8132,0.81348,1.35,1.50
2012.11.15 08:04:25.400,0.81318,0.81347,1.73,1.50
2012.11.15 08:04:25.459,0.81317,0.81343,1.35,1.50
2012.11.15 08:04:26.690,0.81317,0.81344,1.35,1.50
2012.11.15 08:04:27.240,0.81318,0.81344,1.35,1.50
2012.11.15 08:04:27.674,0.81318,0.81348,1.35,1.73
2012.11.15 08:04:27.731,0.81318,0.81348,2.10,1.73
2012.11.15 08:04:28.239,0.81318,0.81348,2.10,1.50
2012.11.15 08:04:29.403,0.81321,0.81353,1.73,1.73
2012.11.15 08:04:29.519,0.81322,0.81353,2.00,1.50
2012.11.15 08:04:31.151,0.81323,0.81353,1.35,1.50
2012.11.15 08:04:32.951,0.81326,0.81353,1.73,1.50
2012.11.15 08:04:33.011,0.81326,0.81353,2.22,1.50
2012.11.15 08:04:37.070,0.8133,0.81357,2.16,1.50
2012.11.15 08:04:37.190,0.8133,0.81359,2.16,1.50
2012.11.15 08:04:37.632,0.8133,0.81361,2.16,1.13
2012.11.15 08:04:37.694,0.81334,0.81363,1.73,2.25
2012.11.15 08:04:37.750,0.81334,0.81363,2.10,1.50
2012.11.15 08:04:37.843,0.81334,0.81363,1.35,1.50
2012.11.15 08:04:38.080,0.81331,0.8136,1.73,1.35
2012.11.15 08:04:38.972,0.81329,0.81359,1.29,1.50
2012.11.15 08:04:39.220,0.8133,0.81359,1.73,1.50
2012.11.15 08:04:39.942,0.81333,0.81362,2.13,1.50
2012.11.15 08:04:40.001,0.81333,0.81363,2.13,1.50
2012.11.15 08:04:40.550,0.81336,0.81363,1.73,1.50
2012.11.15 08:04:40.881,0.81336,0.81363,1.73,1.50
2012.11.15 08:04:41.000,0.81334,0.81361,1.35,1.50
2012.11.15 08:04:46.821,0.81332,0.81361,1.73,1.50
2012.11.15 08:04:46.940,0.81332,0.8136,1.73,1.73
2012.11.15 08:04:47.161,0.81333,0.81362,1.73,2.10
2012.11.15 08:04:47.290,0.81335,0.81362,1.73,1.88
2012.11.15 08:04:48.581,0.81335,0.81364,1.73,1.50
2012.11.15 08:04:48.710,0.81335,0.81364,2.25,1.50
2012.11.15 08:04:49.011,0.81332,0.81357,2.85,1.50
2012.11.15 08:04:49.250,0.81334,0.8136,1.35,1.50
2012.11.15 08:04:51.124,0.81334,0.81359,1.35,2.85
2012.11.15 08:04:51.182,0.81325,0.81352,1.45,1.50
2012.11.15 08:04:51.240,0.81322,0.81352,1.73,1.73
2012.11.15 08:04:51.769,0.81319,0.81348,2.10,1.50
2012.11.15 08:04:52.380,0.81319,0.81348,2.10,1.50
2012.11.15 08:04:52.439,0.81319,0.81348,2.25,1.50
2012.11.15 08:04:53.031,0.81329,0.8135,1.62,1.13
2012.11.15 08:04:53.090,0.81329,0.81358,2.37,2.25
2012.11.15 08:04:53.192,0.81329,0.81358,2.37,1.50
2012.11.15 08:05:03.852,0.81335,0.81364,1.73,1.50
2012.11.15 08:05:03.969,0.8134,0.81367,1.73,1.13
2012.11.15 08:05:05.873,0.81342,0.81367,1.73,1.13
2012.11.15 08:05:06.209,0.81342,0.81367,1.73,1.13
2012.11.15 08:05:06.330,0.81347,0.81375,1.73,1.73
2012.11.15 08:05:09.650,0.81349,0.81375,1.73,1.73
2012.11.15 08:05:09.840,0.81349,0.81376,1.73,1.95
2012.11.15 08:05:10.160,0.81357,0.81383,1.73,2.48
2012.11.15 08:05:10.403,0.8136,0.81387,1.73,1.35
2012.11.15 08:05:10.662,0.81356,0.81384,1.73,1.50
2012.11.15 08:05:10.725,0.81356,0.81384,1.73,1.73
2012.11.15 08:05:10.791,0.81356,0.81387,1.73,1.35
2012.11.15 08:05:10.880,0.8136,0.81387,1.50,1.35
2012.11.15 08:05:10.939,0.8136,0.81387,1.73,1.35
2012.11.15 08:05:15.973,0.81362,0.81388,1.73,1.13
2012.11.15 08:05:17.433,0.81362,0.81388,1.73,1.13
2012.11.15 08:05:19.180,0.81361,0.81388,1.73,1.13
2012.11.15 08:05:19.239,0.81359,0.81388,1.73,1.35
2012.11.15 08:05:19.409,0.81359,0.81389,1.73,2.10
2012.11.15 08:05:20.305,0.81362,0.81389,1.73,1.13
2012.11.15 08:05:22.491,0.81364,0.81389,1.73,1.13
2012.11.15 08:05:23.041,0.81364,0.81389,1.73,1.13
2012.11.15 08:05:23.441,0.81365,0.81391,1.73,1.50
2012.11.15 08:05:28.790,0.81368,0.81398,1.73,3.00
2012.11.15 08:05:28.990,0.81367,0.81394,1.73,1.13
2012.11.15 08:05:29.109,0.81367,0.81391,1.73,1.50
2012.11.15 08:05:32.061,0.81367,0.81393,1.73,2.25
2012.11.15 08:05:33.827,0.81367,0.81394,1.73,1.13
2012.11.15 08:05:33.889,0.81371,0.81399,1.73,3.23
2012.11.15 08:05:34.281,0.81367,0.81394,1.73,1.50
2012.11.15 08:05:42.970,0.81365,0.81394,1.73,1.13
2012.11.15 08:05:44.419,0.81363,0.81391,1.73,1.88
2012.11.15 08:05:44.481,0.81363,0.81391,1.73,2.10
2012.11.15 08:05:45.159,0.81361,0.81389,1.73,1.13
2012.11.15 08:05:45.220,0.81359,0.81387,1.73,1.73
2012.11.15 08:05:45.670,0.81361,0.81389,1.73,1.13
2012.11.15 08:05:52.479,0.81364,0.81394,1.73,2.48
2012.11.15 08:05:52.841,0.81371,0.81399,1.73,1.13
2012.11.15 08:05:53.403,0.81371,0.81401,1.73,2.10
2012.11.15 08:05:55.111,0.81367,0.81401,1.35,2.10
2012.11.15 08:05:55.231,0.81366,0.81392,1.13,1.58
2012.11.15 08:05:55.291,0.8136,0.81389,1.35,1.73
2012.11.15 08:05:55.670,0.81355,0.81383,1.73,1.73
2012.11.15 08:06:02.149,0.81356,0.81385,1.73,1.95
2012.11.15 08:06:02.209,0.8136,0.81385,1.43,1.73
2012.11.15 08:06:02.479,0.81359,0.81385,1.35,1.50
2012.11.15 08:06:02.839,0.81359,0.81388,1.35,1.73
2012.11.15 08:06:03.069,0.8136,0.81391,1.73,1.73
2012.11.15 08:06:03.129,0.8136,0.81391,1.73,1.73
2012.11.15 08:06:03.310,0.81358,0.81387,2.10,1.73
2012.11.15 08:06:03.609,0.81363,0.81392,1.50,2.33
2012.11.15 08:06:03.911,0.81363,0.81388,1.73,1.13
2012.11.15 08:06:03.969,0.81363,0.8139,1.73,1.13
2012.11.15 08:06:04.609,0.81362,0.8139,1.73,1.13
2012.11.15 08:06:04.669,0.81362,0.8139,1.73,1.35
2012.11.15 08:06:07.176,0.81361,0.8139,1.73,1.35
2012.11.15 08:06:07.240,0.81365,0.8139,1.73,1.13
2012.11.15 08:06:08.950,0.81368,0.81393,1.73,1.13
2012.11.15 08:06:09.203,0.81365,0.81392,1.73,1.13
2012.11.15 08:06:10.096,0.81365,0.81393,1.73,1.13
2012.11.15 08:06:10.460,0.81367,0.81393,1.73,1.13
2012.11.15 08:06:10.521,0.81365,0.81393,1.73,1.13
2012.11.15 08:06:15.919,0.81362,0.81391,1.73,1.35
2012.11.15 08:06:19.530,0.81362,0.8139,1.73,1.35
2012.11.15 08:06:20.230,0.81362,0.8139,1.73,1.35
2012.11.15 08:06:22.309,0.81362,0.81391,1.73,1.73
2012.11.15 08:06:22.651,0.81366,0.81394,1.50,2.10
2012.11.15 08:06:22.830,0.81364,0.81393,1.73,1.73
2012.11.15 08:06:23.180,0.81365,0.81393,1.61,2.25
2012.11.15 08:06:23.300,0.81365,0.81396,1.61,1.13
2012.11.15 08:06:23.420,0.8137,0.81399,1.73,2.85
2012.11.15 08:06:24.411,0.81371,0.81396,1.73,1.13
2012.11.15 08:06:24.470,0.81371,0.81396,1.73,1.13
2012.11.15 08:06:31.840,0.81366,0.81395,1.73,1.13
2012.11.15 08:06:32.250,0.81362,0.81391,1.73,1.50
2012.11.15 08:06:37.886,0.81363,0.81389,1.73,1.13
2012.11.15 08:06:37.949,0.81362,0.81388,1.73,1.13
2012.11.15 08:06:38.190,0.81362,0.81388,1.73,1.35
2012.11.15 08:06:42.626,0.81358,0.81389,1.35,1.73
2012.11.15 08:06:42.820,0.81357,0.81387,1.73,1.73
2012.11.15 08:06:42.879,0.81357,0.81387,1.73,1.73
2012.11.15 08:06:42.940,0.81359,0.81387,1.73,1.73
2012.11.15 08:06:44.440,0.81357,0.81387,1.73,1.73
2012.11.15 08:06:44.560,0.81357,0.81387,1.73,1.73
2012.11.15 08:06:50.642,0.81359,0.81387,1.50,2.10
2012.11.15 08:06:51.305,0.8136,0.81387,1.73,1.13
2012.11.15 08:06:55.619,0.81361,0.81389,1.73,1.35
2012.11.15 08:06:55.740,0.81364,0.81389,1.73,1.13
2012.11.15 08:06:56.124,0.81364,0.81389,1.73,1.13
2012.11.15 08:06:56.679,0.81365,0.81394,1.73,1.50
2012.11.15 08:06:57.210,0.81365,0.81391,1.73,1.13
2012.11.15 08:06:57.510,0.81364,0.8139,1.73,1.50
2012.11.15 08:07:18.422,0.81362,0.81391,1.73,1.13
2012.11.15 08:07:18.710,0.8136,0.81387,1.73,1.50
2012.11.15 08:07:19.652,0.81364,0.81389,1.50,1.35
2012.11.15 08:07:20.217,0.81365,0.81394,1.73,2.10
2012.11.15 08:07:21.890,0.81362,0.81391,1.73,1.13
2012.11.15 08:07:21.980,0.81362,0.81391,1.73,1.35
2012.11.15 08:07:22.099,0.81363,0.81391,1.73,1.35
2012.11.15 08:07:22.528,0.81363,0.81391,1.73,1.35
2012.11.15 08:07:38.399,0.81367,0.81396,1.73,1.35
2012.11.15 08:07:38.460,0.81367,0.81396,2.38,1.13
2012.11.15 08:07:38.639,0.81373,0.81396,1.35,1.13
2012.11.15 08:07:39.139,0.81379,0.81404,1.73,1.13
2012.11.15 08:07:44.439,0.81377,0.81404,1.73,1.88
2012.11.15 08:07:44.560,0.81377,0.81404,1.73,2.10
2012.11.15 08:07:45.619,0.81371,0.81401,1.73,1.50
2012.11.15 08:07:45.739,0.81371,0.81399,1.73,1.73
2012.11.15 08:07:46.482,0.81367,0.81396,1.35,1.35
2012.11.15 08:07:46.600,0.81367,0.81396,1.35,1.35
2012.11.15 08:07:51.543,0.81367,0.81396,1.35,1.35
2012.11.15 08:07:51.599,0.81368,0.81394,1.73,1.73
2012.11.15 08:07:51.999,0.81368,0.81394,1.73,1.50
2012.11.15 08:08:07.439,0.81374,0.814,1.73,2.10
2012.11.15 08:08:08.019,0.81374,0.814,1.73,1.88
2012.11.15 08:08:14.410,0.81372,0.814,1.73,1.50
2012.11.15 08:08:14.531,0.81372,0.814,1.73,1.73
2012.11.15 08:08:14.720,0.81373,0.814,1.73,1.73
2012.11.15 08:08:15.062,0.81372,0.81399,1.50,1.73
2012.11.15 08:08:15.670,0.81369,0.81397,1.35,1.73
2012.11.15 08:08:15.833,0.81369,0.81401,1.35,1.35
2012.11.15 08:08:15.950,0.81375,0.81401,1.50,1.35
2012.11.15 08:08:16.725,0.81375,0.81402,1.73,1.73
2012.11.15 08:08:53.380,0.81377,0.81404,2.48,1.73
2012.11.15 08:08:53.440,0.81381,0.81404,1.13,1.73
2012.11.15 08:08:53.570,0.81381,0.81404,1.35,1.50
2012.11.15 08:08:54.644,0.81383,0.81409,1.88,1.73
2012.11.15 08:08:54.819,0.81386,0.81411,1.35,1.73
2012.11.15 08:08:55.439,0.81387,0.81413,1.88,1.73
2012.11.15 08:08:55.631,0.81387,0.81413,1.35,1.50
2012.11.15 08:08:55.695,0.81386,0.81412,1.73,1.35
2012.11.15 08:08:56.552,0.81385,0.81412,1.35,2.10
2012.11.15 08:09:09.541,0.81382,0.81409,1.73,1.13
2012.11.15 08:09:09.791,0.81382,0.81405,1.13,1.73
2012.11.15 08:09:10.401,0.81382,0.81403,1.35,1.13
2012.11.15 08:09:10.536,0.81382,0.81403,1.13,1.35
2012.11.15 08:09:11.151,0.81376,0.81402,1.73,2.10
2012.11.15 08:09:12.641,0.81382,0.81402,1.13,1.35
2012.11.15 08:09:12.760,0.8138,0.81403,1.35,1.50
2012.11.15 08:09:14.380,0.81382,0.81404,1.13,1.13
2012.11.15 08:09:15.211,0.81376,0.81402,2.48,1.35
2012.11.15 08:09:15.402,0.81376,0.81402,1.73,1.35
2012.11.15 08:09:15.460,0.81376,0.81402,1.73,1.58
2012.11.15 08:09:20.639,0.81376,0.81404,1.73,1.73
2012.11.15 08:09:21.605,0.81376,0.81405,1.73,2.10
2012.11.15 08:09:22.350,0.81376,0.81405,1.73,2.10
2012.11.15 08:09:25.110,0.8138,0.81406,1.73,1.95
2012.11.15 08:09:25.651,0.81381,0.81406,1.73,1.73
2012.11.15 08:09:28.231,0.81384,0.8141,1.35,1.35
2012.11.15 08:09:28.470,0.81381,0.8141,2.10,1.35
2012.11.15 08:09:30.380,0.81384,0.81408,1.35,1.13
2012.11.15 08:09:30.710,0.81384,0.81407,1.35,1.13
2012.11.15 08:09:30.830,0.81382,0.81404,1.35,1.50
2012.11.15 08:09:31.830,0.81381,0.81404,1.35,1.50
2012.11.15 08:09:31.951,0.81382,0.81404,1.35,1.50
2012.11.15 08:09:33.151,0.81381,0.81405,1.35,2.10
2012.11.15 08:09:33.329,0.81374,0.81403,2.48,1.50
2012.11.15 08:09:37.843,0.81372,0.814,1.73,1.50
2012.11.15 08:09:38.100,0.81372,0.814,1.73,1.73
2012.11.15 08:09:54.130,0.8137,0.81397,1.73,2.10
2012.11.15 08:10:05.131,0.81366,0.81392,1.73,1.50
2012.11.15 08:10:10.690,0.81366,0.81393,1.73,2.25
2012.11.15 08:10:13.354,0.81368,0.81393,1.73,1.50
2012.11.15 08:10:13.410,0.81368,0.81393,1.73,1.50
2012.11.15 08:10:14.312,0.81372,0.81394,1.73,1.13
2012.11.15 08:10:14.645,0.8137,0.81394,1.73,1.13
2012.11.15 08:10:15.069,0.81369,0.81393,1.73,1.50
2012.11.15 08:10:38.730,0.8136,0.81393,1.61,1.50
2012.11.15 08:10:40.539,0.8136,0.81396,1.61,3.08
2012.11.15 08:10:41.842,0.81362,0.81396,1.35,1.58
2012.11.15 08:10:45.522,0.81361,0.81396,1.35,1.20
2012.11.15 08:10:46.010,0.8136,0.81392,1.61,1.50
2012.11.15 08:10:49.141,0.8136,0.81393,1.61,2.25
2012.11.15 08:10:50.490,0.81364,0.81389,1.73,1.13
2012.11.15 08:10:50.610,0.81364,0.81389,1.73,1.50
2012.11.15 08:10:51.331,0.81366,0.81389,1.73,1.50
2012.11.15 08:10:52.690,0.81362,0.81385,1.73,1.13
2012.11.15 08:10:52.750,0.81362,0.81385,1.73,1.13
2012.11.15 08:10:52.809,0.81362,0.81385,1.73,1.13
2012.11.15 08:10:52.869,0.81363,0.81389,1.50,1.73
2012.11.15 08:10:53.420,0.81366,0.81389,1.73,1.50
2012.11.15 08:10:54.421,0.81366,0.81389,1.73,1.13
2012.11.15 08:10:56.101,0.81362,0.81386,1.73,1.13
2012.11.15 08:10:56.350,0.81362,0.81392,1.73,3.08
2012.11.15 08:10:56.490,0.81363,0.81392,1.50,2.48
2012.11.15 08:10:56.550,0.81366,0.81392,1.73,1.50
2012.11.15 08:10:57.200,0.81366,0.81392,1.73,1.13
2012.11.15 08:10:58.804,0.81366,0.81392,1.73,1.13
2012.11.15 08:11:01.330,0.81366,0.81392,1.73,1.13
2012.11.15 08:11:21.100,0.81366,0.81396,1.73,1.58
2012.11.15 08:11:21.239,0.81366,0.81396,1.73,1.58
2012.11.15 08:11:22.641,0.81366,0.81396,1.73,1.58
2012.11.15 08:11:22.699,0.81363,0.81396,1.35,1.58
2012.11.15 08:11:24.482,0.81362,0.81393,1.73,1.35
2012.11.15 08:11:27.041,0.81362,0.81393,1.73,1.35
2012.11.15 08:11:27.806,0.81362,0.81387,1.73,1.58
2012.11.15 08:11:29.001,0.81362,0.81394,1.73,1.73
2012.11.15 08:11:29.710,0.81362,0.81394,1.73,1.73
2012.11.15 08:11:31.159,0.81362,0.81391,1.73,1.35
2012.11.15 08:11:34.200,0.81357,0.81386,1.35,1.50
2012.11.15 08:11:34.580,0.81356,0.81384,1.73,1.73
2012.11.15 08:11:36.389,0.81356,0.81387,1.73,1.35
2012.11.15 08:11:36.920,0.81356,0.81385,1.73,1.35
2012.11.15 08:11:37.451,0.81356,0.81385,1.73,1.35
2012.11.15 08:11:37.730,0.81359,0.81385,1.50,1.35
2012.11.15 08:11:38.446,0.81362,0.81385,1.73,1.13
2012.11.15 08:11:49.135,0.81362,0.81388,1.73,1.58
2012.11.15 08:11:50.294,0.81362,0.81388,1.73,1.58
2012.11.15 08:11:57.410,0.81356,0.81385,1.73,1.13
2012.11.15 08:11:57.590,0.81356,0.81384,1.73,1.73
2012.11.15 08:11:58.211,0.81356,0.81385,1.73,1.35
2012.11.15 08:11:58.941,0.81359,0.81386,1.13,1.73
2012.11.15 08:11:59.478,0.8136,0.81388,1.13,2.33
2012.11.15 08:11:59.553,0.8136,0.81385,1.13,1.73
2012.11.15 08:11:59.877,0.81367,0.81392,1.50,1.35
2012.11.15 08:12:00.261,0.81367,0.81395,1.73,1.35
2012.11.15 08:12:01.262,0.81363,0.81395,1.35,2.10
2012.11.15 08:12:01.384,0.81363,0.81395,1.35,2.10
2012.11.15 08:12:04.623,0.81366,0.81395,1.50,1.73
2012.11.15 08:12:04.780,0.81367,0.81398,1.73,1.58
2012.11.15 08:12:10.101,0.81371,0.81398,1.13,1.95
2012.11.15 08:12:10.410,0.81377,0.81406,1.73,1.50
2012.11.15 08:12:10.540,0.81377,0.81402,1.73,1.35
2012.11.15 08:12:10.631,0.81373,0.81402,1.35,1.35
2012.11.15 08:12:10.690,0.81373,0.81402,1.35,1.35
2012.11.15 08:12:10.750,0.81373,0.81402,1.35,2.33
2012.11.15 08:12:10.870,0.8138,0.81403,1.50,1.20
2012.11.15 08:12:10.930,0.8138,0.81404,1.73,3.23
2012.11.15 08:12:10.990,0.81381,0.81408,1.73,1.13
2012.11.15 08:12:11.421,0.81377,0.81405,1.73,1.50
2012.11.15 08:12:11.621,0.81377,0.81405,1.73,1.73
2012.11.15 08:12:11.680,0.81377,0.81408,1.73,1.35
2012.11.15 08:12:11.741,0.81381,0.81408,1.73,1.13
2012.11.15 08:12:12.621,0.81378,0.8141,1.35,2.70
2012.11.15 08:12:12.801,0.81378,0.81408,1.35,1.73
2012.11.15 08:12:15.886,0.81377,0.81407,1.73,1.13
2012.11.15 08:12:16.150,0.81382,0.81407,1.73,1.13
2012.11.15 08:12:34.901,0.81382,0.81411,1.73,2.10
2012.11.15 08:12:34.960,0.81382,0.81411,1.73,1.88
2012.11.15 08:12:35.333,0.81386,0.81411,1.73,1.13
2012.11.15 08:12:36.082,0.8139,0.81414,2.10,1.35
2012.11.15 08:12:36.140,0.81386,0.81414,1.73,1.35
2012.11.15 08:12:37.443,0.81386,0.81414,1.73,1.35
2012.11.15 08:12:37.833,0.81392,0.81416,1.50,1.35
2012.11.15 08:12:38.068,0.81392,0.81416,1.73,1.13
2012.11.15 08:12:38.480,0.81387,0.8142,1.73,1.35
2012.11.15 08:12:40.150,0.81392,0.81414,1.50,1.35
2012.11.15 08:12:40.390,0.81395,0.81419,1.50,1.13
2012.11.15 08:12:40.452,0.81396,0.81419,1.50,1.13
2012.11.15 08:12:40.761,0.81389,0.81417,1.54,1.13
2012.11.15 08:12:41.010,0.81391,0.81417,1.73,1.13
2012.11.15 08:12:42.122,0.81391,0.81417,1.73,1.13
2012.11.15 08:12:46.362,0.81391,0.8142,1.73,1.35
2012.11.15 08:12:48.454,0.81391,0.8142,1.73,1.35
2012.11.15 08:12:48.855,0.81396,0.8142,1.50,1.35
2012.11.15 08:12:48.970,0.81391,0.8142,1.73,1.35
2012.11.15 08:12:49.487,0.81391,0.8142,1.73,1.35
2012.11.15 08:12:50.843,0.81388,0.8142,3.30,1.35
2012.11.15 08:12:50.961,0.81388,0.81418,1.35,1.35
2012.11.15 08:12:51.141,0.81391,0.81418,1.50,1.35
2012.11.15 08:12:51.273,0.81391,0.81418,1.50,1.35
2012.11.15 08:12:52.267,0.81391,0.81414,1.73,1.35
2012.11.15 08:12:52.959,0.81391,0.81414,1.50,1.58
2012.11.15 08:12:53.020,0.81387,0.81414,1.73,1.58
2012.11.15 08:12:55.483,0.81387,0.81414,1.73,1.58
2012.11.15 08:12:59.379,0.81382,0.81413,2.48,1.35
2012.11.15 08:12:59.669,0.81381,0.81413,2.10,1.35
2012.11.15 08:12:59.730,0.81381,0.81413,2.10,1.35
2012.11.15 08:13:03.301,0.81381,0.81411,1.73,1.35
2012.11.15 08:13:03.391,0.81386,0.81411,1.50,1.35
2012.11.15 08:13:04.895,0.81386,0.81413,1.73,1.35
2012.11.15 08:13:04.954,0.8139,0.81413,1.50,1.35
2012.11.15 08:13:05.131,0.81383,0.81413,1.20,1.13
2012.11.15 08:13:05.275,0.81382,0.81414,2.10,1.73
2012.11.15 08:13:06.002,0.81382,0.81413,1.73,1.35
2012.11.15 08:13:09.192,0.81387,0.81412,1.50,1.35
2012.11.15 08:13:10.880,0.81387,0.81412,1.73,1.13
2012.11.15 08:13:14.920,0.81382,0.81408,1.35,2.85
2012.11.15 08:13:15.230,0.81382,0.81404,1.73,1.13
2012.11.15 08:13:15.851,0.81382,0.81406,1.73,1.13
2012.11.15 08:13:15.910,0.81382,0.81406,1.73,1.13
2012.11.15 08:13:20.208,0.81382,0.81406,1.73,1.13
2012.11.15 08:13:21.301,0.81382,0.81406,1.73,1.13
2012.11.15 08:13:21.470,0.81377,0.81408,1.73,1.73
2012.11.15 08:13:31.077,0.81377,0.81402,1.73,1.35
2012.11.15 08:13:32.614,0.81377,0.81402,1.73,1.35
2012.11.15 08:13:32.670,0.81373,0.81402,1.35,1.58
2012.11.15 08:13:34.589,0.81377,0.81401,1.13,1.58
2012.11.15 08:13:36.665,0.81377,0.81401,1.13,1.58
2012.11.15 08:13:36.792,0.81377,0.81401,1.35,1.35
2012.11.15 08:13:40.763,0.81376,0.81406,1.73,1.58
2012.11.15 08:13:41.349,0.81376,0.81402,1.73,1.35
2012.11.15 08:13:41.473,0.81375,0.81402,1.13,1.58
2012.11.15 08:13:42.140,0.81372,0.81402,1.35,1.58
2012.11.15 08:13:42.201,0.81372,0.81401,1.35,1.73
2012.11.15 08:13:43.397,0.81369,0.81401,1.13,2.10
2012.11.15 08:13:44.599,0.81368,0.81395,1.35,1.58
2012.11.15 08:13:44.781,0.81368,0.81395,1.13,1.58
2012.11.15 08:13:47.571,0.81366,0.81395,1.50,1.58
2012.11.15 08:13:47.632,0.81366,0.81395,1.50,1.58
2012.11.15 08:13:49.023,0.81366,0.81395,1.73,1.58
2012.11.15 08:13:51.515,0.81366,0.81395,1.73,1.58
2012.11.15 08:13:53.271,0.81366,0.81395,2.10,1.58
2012.11.15 08:13:53.390,0.81372,0.81395,1.50,1.58
2012.11.15 08:13:54.060,0.81369,0.81395,1.35,1.50
2012.11.15 08:13:54.190,0.81369,0.81393,1.35,1.50
2012.11.15 08:13:54.593,0.81367,0.81387,1.35,1.88
2012.11.15 08:13:54.830,0.81357,0.81378,1.35,1.50
2012.11.15 08:13:54.890,0.81357,0.81385,1.35,2.18
2012.11.15 08:13:54.950,0.81362,0.81389,1.38,1.13
2012.11.15 08:13:55.190,0.81363,0.81393,1.35,1.50
2012.11.15 08:13:57.456,0.81366,0.81392,1.35,1.88
2012.11.15 08:13:57.522,0.81364,0.81389,1.35,1.50
2012.11.15 08:13:58.862,0.81364,0.81389,1.35,1.50
2012.11.15 08:13:59.078,0.81364,0.81389,1.35,1.50
2012.11.15 08:14:00.868,0.81362,0.81389,1.35,1.50
2012.11.15 08:14:04.917,0.81363,0.81389,1.35,1.50
2012.11.15 08:14:10.300,0.81363,0.81389,1.35,1.50
2012.11.15 08:14:11.078,0.81363,0.81389,1.35,1.50
2012.11.15 08:14:12.062,0.81364,0.81389,1.35,1.50
2012.11.15 08:14:12.145,0.81364,0.81389,1.35,1.50
2012.11.15 08:14:12.200,0.81364,0.81389,1.35,1.50
2012.11.15 08:14:14.605,0.81367,0.81389,1.35,1.50
2012.11.15 08:14:16.251,0.81366,0.81389,1.35,1.50
2012.11.15 08:14:16.587,0.81366,0.81389,1.35,1.50
2012.11.15 08:14:16.651,0.81366,0.81389,1.35,1.50
2012.11.15 08:14:16.712,0.81362,0.81389,1.35,1.50
2012.11.15 08:14:16.813,0.81362,0.81389,1.35,1.50
2012.11.15 08:14:17.131,0.81362,0.81393,1.35,2.55
2012.11.15 08:14:17.194,0.81362,0.81394,1.35,1.73
2012.11.15 08:14:17.880,0.81362,0.81394,1.35,1.50
2012.11.15 08:14:18.000,0.81365,0.81394,1.35,1.50
2012.11.15 08:14:18.460,0.81361,0.81394,1.59,1.88
2012.11.15 08:14:20.631,0.81361,0.81392,1.59,2.93
2012.11.15 08:14:20.690,0.8136,0.81388,1.73,1.50
2012.11.15 08:14:21.149,0.8136,0.81388,1.73,1.50
2012.11.15 08:14:27.970,0.81361,0.81388,1.35,1.50
2012.11.15 08:14:28.892,0.81362,0.81383,1.35,1.50
2012.11.15 08:14:28.952,0.81362,0.81383,1.13,1.50
2012.11.15 08:14:31.161,0.81362,0.81383,1.13,1.50
2012.11.15 08:14:34.842,0.8136,0.81383,1.35,1.50
2012.11.15 08:14:36.309,0.8136,0.81383,1.35,1.50
2012.11.15 08:14:41.160,0.8136,0.81383,1.35,1.50
2012.11.15 08:14:42.013,0.8136,0.81383,1.35,1.50
2012.11.15 08:14:56.169,0.8136,0.81383,1.35,1.50
2012.11.15 08:14:57.074,0.81362,0.81383,1.13,1.50
2012.11.15 08:14:57.390,0.81362,0.81383,1.13,1.50
2012.11.15 08:15:00.451,0.8136,0.81383,1.35,1.50
2012.11.15 08:15:00.899,0.81361,0.81383,1.13,1.50
2012.11.15 08:15:01.125,0.81361,0.81383,1.13,1.50
2012.11.15 08:15:08.159,0.81361,0.81383,1.13,1.50
2012.11.15 08:15:09.550,0.81359,0.81383,1.35,1.50
2012.11.15 08:15:10.320,0.81359,0.81383,1.35,1.50
2012.11.15 08:15:11.106,0.81356,0.81383,1.35,1.50
2012.11.15 08:15:12.851,0.81359,0.81384,1.35,1.50
2012.11.15 08:15:14.964,0.81359,0.81383,1.35,1.50
2012.11.15 08:15:15.533,0.81358,0.81383,1.35,1.50
2012.11.15 08:15:16.061,0.81358,0.81383,1.35,1.50
2012.11.15 08:15:16.240,0.81357,0.81381,1.13,1.73
2012.11.15 08:15:17.269,0.81354,0.81378,1.35,1.50
2012.11.15 08:15:21.180,0.81354,0.81378,1.35,1.50
2012.11.15 08:15:21.881,0.81354,0.81381,1.35,3.15
2012.11.15 08:15:22.010,0.81357,0.81383,1.13,1.73
2012.11.15 08:15:24.931,0.81358,0.81383,1.35,1.50
2012.11.15 08:15:28.180,0.81354,0.81381,1.35,1.50
2012.11.15 08:15:28.240,0.81354,0.81379,1.35,1.50
2012.11.15 08:15:31.105,0.81354,0.81379,1.35,2.48
2012.11.15 08:15:34.681,0.81354,0.81381,1.35,1.50
2012.11.15 08:15:35.698,0.81354,0.81384,1.35,1.50
2012.11.15 08:15:41.126,0.81355,0.81383,1.35,2.40
2012.11.15 08:15:41.920,0.81355,0.81378,1.35,1.50
2012.11.15 08:15:41.983,0.81355,0.81378,1.35,1.50
2012.11.15 08:15:43.098,0.81352,0.81378,1.35,1.50
2012.11.15 08:15:43.220,0.81351,0.81374,1.35,1.50
2012.11.15 08:15:43.839,0.81352,0.81378,1.13,1.73
2012.11.15 08:15:44.709,0.81355,0.81378,1.35,1.50
2012.11.15 08:15:45.636,0.81355,0.81379,1.35,1.50
2012.11.15 08:15:45.704,0.81355,0.81379,1.35,1.50
2012.11.15 08:15:46.160,0.81356,0.81388,1.35,1.58
2012.11.15 08:15:46.387,0.81356,0.81384,1.35,1.50
2012.11.15 08:15:46.450,0.81356,0.81384,1.35,1.50
2012.11.15 08:15:46.510,0.81356,0.81384,1.35,1.73
2012.11.15 08:15:47.941,0.81355,0.81384,1.35,1.73
2012.11.15 08:15:50.029,0.81353,0.81384,1.73,2.10
2012.11.15 08:15:50.372,0.81352,0.81378,1.35,1.50
2012.11.15 08:15:50.459,0.81352,0.81378,1.35,1.50
2012.11.15 08:15:51.910,0.81353,0.81378,1.35,1.50
2012.11.15 08:15:52.030,0.81355,0.8138,1.35,1.50
2012.11.15 08:15:52.642,0.81355,0.81382,2.10,1.50
2012.11.15 08:15:52.713,0.8136,0.81388,1.35,1.73
2012.11.15 08:15:53.141,0.8136,0.81388,2.10,1.73
2012.11.15 08:15:53.201,0.81371,0.81393,1.13,1.73
2012.11.15 08:15:53.327,0.81371,0.81393,1.13,1.50
2012.11.15 08:15:53.650,0.81371,0.81399,1.13,1.73
2012.11.15 08:15:54.305,0.81371,0.81399,1.35,1.73
2012.11.15 08:15:54.630,0.81371,0.81399,2.10,1.73
2012.11.15 08:15:54.690,0.81374,0.81403,1.13,1.73
2012.11.15 08:15:54.940,0.81374,0.81399,1.35,1.50
2012.11.15 08:15:55.000,0.81374,0.81399,1.13,1.73
2012.11.15 08:15:55.131,0.81374,0.81403,1.13,1.73
2012.11.15 08:15:55.530,0.81374,0.81403,1.35,1.73
2012.11.15 08:15:59.752,0.81375,0.81403,1.35,1.73
2012.11.15 08:16:01.180,0.81375,0.81403,1.35,1.73
2012.11.15 08:16:01.400,0.81375,0.814,1.35,1.50
2012.11.15 08:16:01.580,0.81373,0.81399,1.35,1.73
2012.11.15 08:16:03.551,0.81373,0.81399,1.35,1.73
2012.11.15 08:16:03.891,0.81376,0.814,1.13,1.73
2012.11.15 08:16:03.951,0.81376,0.81404,1.13,1.73
2012.11.15 08:16:04.011,0.81376,0.81404,1.35,1.73
2012.11.15 08:16:17.332,0.81378,0.81409,1.35,1.73
2012.11.15 08:16:17.731,0.8138,0.81409,1.35,1.73
2012.11.15 08:16:17.941,0.8138,0.81409,1.35,1.50
2012.11.15 08:16:20.841,0.81386,0.81408,1.35,1.50
2012.11.15 08:16:21.137,0.81383,0.81407,2.10,1.50
2012.11.15 08:16:21.201,0.81383,0.81407,1.88,1.50
2012.11.15 08:16:22.607,0.81381,0.81405,1.73,1.50
2012.11.15 08:16:23.187,0.81381,0.81404,1.13,1.73
2012.11.15 08:16:23.310,0.81379,0.81404,1.35,1.73
2012.11.15 08:16:24.371,0.81376,0.81403,2.48,1.73
2012.11.15 08:16:25.371,0.81376,0.81399,1.13,1.73
2012.11.15 08:16:29.062,0.81379,0.81404,1.13,1.73
2012.11.15 08:16:29.311,0.81379,0.81404,1.13,1.73
2012.11.15 08:16:31.303,0.81381,0.81404,1.13,1.73
2012.11.15 08:16:32.460,0.81381,0.81404,1.13,1.73
2012.11.15 08:16:33.132,0.81381,0.81404,1.13,1.73
2012.11.15 08:16:33.251,0.81381,0.81406,1.13,1.73
2012.11.15 08:16:35.122,0.81382,0.81406,1.73,1.50
2012.11.15 08:16:46.291,0.81391,0.81414,1.35,1.50
2012.11.15 08:16:46.372,0.81387,0.81412,2.10,1.50
2012.11.15 08:16:46.615,0.81387,0.81409,1.73,1.50
2012.11.15 08:16:55.901,0.81386,0.81409,1.35,1.50
2012.11.15 08:16:56.020,0.81382,0.81405,1.35,1.50
2012.11.15 08:17:08.451,0.81381,0.81409,1.35,1.73
2012.11.15 08:17:08.631,0.81382,0.81409,1.73,1.50
2012.11.15 08:17:08.932,0.81385,0.81408,1.35,1.50
2012.11.15 08:17:09.130,0.81382,0.81404,1.73,1.50
2012.11.15 08:17:09.191,0.81382,0.814,1.50,1.50
2012.11.15 08:17:09.372,0.81377,0.81401,2.48,1.73
2012.11.15 08:17:11.722,0.81377,0.81399,1.73,1.50
2012.11.15 08:17:11.841,0.81379,0.81403,1.13,1.73
2012.11.15 08:17:11.961,0.81376,0.81403,1.35,1.50
2012.11.15 08:17:12.131,0.81376,0.81404,1.35,1.50
2012.11.15 08:17:16.362,0.81377,0.81404,1.35,1.50
2012.11.15 08:17:16.600,0.81377,0.81401,1.35,1.50
2012.11.15 08:17:22.862,0.81372,0.814,1.73,1.50
2012.11.15 08:17:22.980,0.8137,0.81399,2.10,1.73
2012.11.15 08:17:23.184,0.8137,0.81395,1.13,1.73
2012.11.15 08:17:23.669,0.81366,0.81395,1.73,1.73
2012.11.15 08:17:38.411,0.8137,0.81398,1.73,1.95
2012.11.15 08:17:38.670,0.81367,0.81394,1.73,1.73
2012.11.15 08:17:39.901,0.81367,0.81395,1.73,1.73
2012.11.15 08:17:40.387,0.81371,0.81398,1.73,1.35
2012.11.15 08:17:40.451,0.81373,0.81401,1.73,2.48
2012.11.15 08:17:42.391,0.81372,0.814,1.73,1.50
2012.11.15 08:17:42.451,0.81372,0.814,1.73,1.73
2012.11.15 08:17:43.163,0.81371,0.81398,2.10,1.73
2012.11.15 08:17:44.366,0.81373,0.81401,1.73,1.50
2012.11.15 08:17:44.671,0.81378,0.81406,1.73,2.10
2012.11.15 08:17:44.792,0.81377,0.81401,1.35,1.50
2012.11.15 08:17:44.911,0.81372,0.81398,1.35,1.50
2012.11.15 08:17:44.970,0.81372,0.81398,1.35,1.50
2012.11.15 08:17:46.621,0.81372,0.81398,1.73,1.50
2012.11.15 08:17:46.981,0.81375,0.81403,1.73,1.73
2012.11.15 08:17:54.441,0.81374,0.81398,1.13,1.52
2012.11.15 08:17:54.990,0.81371,0.81399,2.10,1.73
2012.11.15 08:17:59.464,0.81369,0.81395,1.35,1.73
2012.11.15 08:18:02.691,0.81369,0.81395,2.10,1.50
2012.11.15 08:18:02.870,0.81369,0.81399,1.35,1.73
2012.11.15 08:18:02.990,0.81369,0.81396,1.35,1.73
2012.11.15 08:18:03.182,0.8137,0.81396,1.50,1.73
2012.11.15 08:18:03.431,0.81369,0.81397,1.35,1.73
2012.11.15 08:18:03.650,0.81372,0.81399,1.73,1.73
2012.11.15 08:18:12.287,0.8137,0.81393,1.35,1.50
2012.11.15 08:18:12.411,0.81367,0.81393,1.35,1.50
2012.11.15 08:18:12.531,0.81356,0.81382,1.35,1.50
2012.11.15 08:18:13.151,0.81351,0.81379,2.10,1.50
2012.11.15 08:18:13.210,0.81351,0.81375,1.35,1.50
2012.11.15 08:18:13.881,0.81351,0.81378,1.35,1.73
2012.11.15 08:18:13.941,0.81353,0.81379,1.50,1.73
2012.11.15 08:18:14.398,0.81354,0.81379,1.35,1.50
2012.11.15 08:18:14.461,0.81356,0.81383,1.73,1.50
2012.11.15 08:18:14.580,0.81354,0.81383,1.35,1.50
2012.11.15 08:18:14.831,0.81354,0.8138,1.35,1.50
2012.11.15 08:18:19.810,0.81356,0.8138,2.48,1.50
2012.11.15 08:18:20.412,0.81356,0.8138,2.48,1.50
2012.11.15 08:18:22.691,0.81358,0.81383,1.13,1.73
2012.11.15 08:18:23.058,0.81358,0.81383,1.35,1.50
2012.11.15 08:18:26.577,0.8136,0.81383,1.35,1.50
2012.11.15 08:18:27.251,0.8136,0.81383,1.35,1.50
2012.11.15 08:18:28.106,0.81357,0.81381,1.35,1.50
2012.11.15 08:18:28.281,0.81357,0.81383,1.13,1.73
2012.11.15 08:18:28.602,0.81357,0.81383,1.13,1.73
2012.11.15 08:18:29.549,0.81359,0.81385,1.73,1.50
2012.11.15 08:18:30.671,0.81352,0.81382,2.11,1.13
2012.11.15 08:18:30.731,0.81352,0.8138,1.50,1.73
2012.11.15 08:18:32.711,0.81348,0.81378,1.73,1.50
2012.11.15 08:18:32.830,0.81356,0.81381,1.73,1.13
2012.11.15 08:18:32.891,0.81356,0.81382,1.73,1.50
2012.11.15 08:18:32.951,0.81356,0.81384,1.73,1.50
2012.11.15 08:18:34.366,0.81356,0.81383,1.35,1.50
2012.11.15 08:18:34.481,0.81356,0.81381,1.35,1.50
2012.11.15 08:18:34.661,0.81351,0.81378,1.35,1.73
2012.11.15 08:18:35.701,0.81348,0.81376,1.73,1.73
2012.11.15 08:18:38.335,0.81347,0.81376,2.10,1.73
2012.11.15 08:18:38.560,0.81347,0.81373,1.35,1.50
2012.11.15 08:18:39.560,0.81351,0.81378,1.35,1.73
2012.11.15 08:18:40.452,0.81348,0.81376,1.35,1.50
2012.11.15 08:18:40.713,0.81346,0.81372,1.35,1.50
2012.11.15 08:18:41.057,0.81349,0.81375,1.13,1.73
2012.11.15 08:18:41.372,0.81349,0.81376,1.35,1.50
2012.11.15 08:18:43.137,0.81349,0.81373,1.35,1.50
2012.11.15 08:18:43.462,0.81347,0.81374,1.73,1.13
2012.11.15 08:18:43.640,0.81347,0.81375,2.10,1.13
2012.11.15 08:18:43.701,0.81347,0.81373,1.35,1.50
2012.11.15 08:18:44.890,0.81347,0.81379,1.73,2.70
2012.11.15 08:18:44.951,0.8135,0.81379,1.50,2.70
2012.11.15 08:18:45.842,0.81347,0.81377,1.73,1.50
2012.11.15 08:18:45.980,0.81347,0.81377,1.73,1.73
2012.11.15 08:18:46.855,0.81346,0.81375,1.73,1.73
2012.11.15 08:18:48.810,0.81346,0.81375,1.73,1.73
2012.11.15 08:18:49.171,0.81348,0.81376,1.73,1.73
2012.11.15 08:18:49.291,0.81348,0.81376,2.10,1.50
2012.11.15 08:18:54.931,0.81348,0.81376,2.07,1.13
2012.11.15 08:18:54.991,0.81353,0.81379,1.73,1.13
2012.11.15 08:18:59.683,0.81354,0.81378,1.73,2.25
2012.11.15 08:18:59.803,0.81351,0.81375,1.73,1.13
2012.11.15 08:19:00.521,0.81353,0.81378,1.73,1.50
2012.11.15 08:19:01.412,0.81353,0.81378,1.73,1.50
2012.11.15 08:19:01.574,0.81353,0.81379,1.73,1.13
2012.11.15 08:19:02.701,0.81353,0.81381,1.73,1.50
2012.11.15 08:19:03.882,0.81351,0.81381,1.73,1.50
2012.11.15 08:19:04.131,0.81351,0.81379,1.73,1.73
2012.11.15 08:19:04.191,0.81354,0.8138,1.73,1.50
2012.11.15 08:19:05.641,0.81351,0.8138,1.73,1.50
2012.11.15 08:19:05.761,0.81351,0.81378,1.73,1.35
2012.11.15 08:19:09.553,0.81344,0.81376,1.83,1.50
2012.11.15 08:19:09.742,0.81341,0.81372,1.73,1.35
2012.11.15 08:19:10.281,0.81346,0.81372,1.50,1.73
2012.11.15 08:19:10.731,0.81352,0.81379,1.73,2.33
2012.11.15 08:19:13.106,0.81352,0.81377,1.73,1.13
2012.11.15 08:19:13.171,0.81355,0.81378,1.50,1.13
2012.11.15 08:19:13.231,0.81357,0.81378,1.73,1.13
2012.11.15 08:19:14.332,0.81357,0.81383,1.73,2.10
2012.11.15 08:19:14.532,0.81357,0.81383,1.50,2.10
2012.11.15 08:19:15.927,0.81357,0.81383,1.50,1.35
2012.11.15 08:19:16.441,0.81357,0.81385,1.73,1.13
2012.11.15 08:19:16.501,0.81361,0.81385,1.73,1.13
2012.11.15 08:19:21.100,0.81361,0.81389,1.73,1.35
2012.11.15 08:19:22.210,0.81357,0.81387,2.10,1.73
2012.11.15 08:19:22.789,0.81357,0.81387,1.50,1.73
2012.11.15 08:19:31.187,0.81357,0.81385,1.50,1.73
2012.11.15 08:19:43.795,0.81356,0.81384,1.73,1.58
2012.11.15 08:19:51.111,0.81357,0.81382,1.73,1.35
2012.11.15 08:19:54.352,0.81352,0.81382,1.73,1.35
2012.11.15 08:19:54.412,0.81352,0.81379,1.50,1.35
2012.11.15 08:19:54.575,0.81352,0.81379,1.50,1.35
2012.11.15 08:19:54.682,0.81357,0.81379,1.50,1.35
2012.11.15 08:19:55.362,0.81357,0.81382,1.50,1.35
2012.11.15 08:19:55.731,0.81351,0.81382,1.73,1.35
2012.11.15 08:19:55.791,0.81351,0.81381,1.73,1.73
2012.11.15 08:19:55.981,0.81351,0.81381,1.73,1.50
2012.11.15 08:19:56.319,0.81351,0.81381,1.73,1.73
2012.11.15 08:19:56.381,0.81351,0.81382,1.73,1.35
2012.11.15 08:19:56.502,0.81351,0.8138,1.73,1.73
2012.11.15 08:19:58.481,0.81353,0.81381,1.50,1.35
2012.11.15 08:20:01.141,0.81356,0.81384,1.73,1.35
2012.11.15 08:20:02.396,0.81358,0.81384,1.50,1.35
2012.11.15 08:20:02.461,0.81359,0.81384,1.73,1.35
2012.11.15 08:20:12.411,0.81357,0.81386,1.73,1.35
2012.11.15 08:20:12.591,0.81357,0.81386,1.50,2.10
2012.11.15 08:20:15.143,0.81352,0.81384,1.35,1.58
2012.11.15 08:20:15.201,0.81351,0.81382,2.10,1.73
2012.11.15 08:20:15.321,0.81351,0.81379,2.10,2.33
2012.11.15 08:20:15.381,0.81351,0.81379,1.35,2.33
2012.11.15 08:20:15.712,0.81352,0.81378,1.50,1.35
2012.11.15 08:20:15.771,0.81352,0.81378,1.50,1.35
2012.11.15 08:20:16.316,0.81352,0.81378,1.50,1.35
2012.11.15 08:20:16.505,0.81356,0.81378,1.73,1.13
2012.11.15 08:20:16.693,0.81351,0.81381,1.50,1.35
2012.11.15 08:20:17.905,0.81354,0.81383,1.35,1.73
2012.11.15 08:20:17.971,0.81359,0.81384,1.73,1.58
2012.11.15 08:20:18.184,0.81356,0.81384,1.73,2.33
2012.11.15 08:20:18.882,0.81356,0.81383,1.50,1.35
2012.11.15 08:20:21.027,0.81356,0.81383,1.50,2.10
2012.11.15 08:20:32.456,0.81356,0.81381,1.50,1.35
2012.11.15 08:20:38.504,0.81356,0.81379,1.50,1.35
2012.11.15 08:20:38.902,0.81356,0.81379,1.50,2.48
2012.11.15 08:20:39.210,0.81359,0.81379,1.50,1.73
2012.11.15 08:20:39.448,0.81359,0.81382,1.73,1.50
2012.11.15 08:20:46.421,0.81356,0.81379,1.73,1.13
2012.11.15 08:20:46.541,0.81356,0.81379,1.50,1.13
2012.11.15 08:20:47.081,0.81356,0.81379,1.50,1.13
2012.11.15 08:20:48.202,0.81356,0.81378,1.50,1.50
2012.11.15 08:20:52.623,0.81352,0.81375,1.73,1.73
2012.11.15 08:20:52.871,0.81351,0.81375,1.50,1.73
2012.11.15 08:21:01.204,0.81352,0.81373,1.50,1.13
2012.11.15 08:21:01.543,0.81352,0.81376,1.50,1.35
2012.11.15 08:21:01.662,0.81352,0.81376,1.73,1.13
2012.11.15 08:21:02.372,0.81355,0.81376,1.50,1.35
2012.11.15 08:21:02.439,0.81352,0.81376,1.50,1.35
2012.11.15 08:21:02.994,0.81352,0.81375,1.50,1.13
2012.11.15 08:21:04.461,0.81352,0.81375,1.50,1.13
2012.11.15 08:21:05.189,0.81352,0.81375,1.50,1.13
2012.11.15 08:21:11.139,0.81352,0.81375,1.50,1.13
2012.11.15 08:21:11.631,0.81354,0.81375,1.50,1.13
2012.11.15 08:21:11.871,0.81351,0.81376,1.73,1.35
2012.11.15 08:21:12.051,0.81351,0.81376,1.73,1.58
2012.11.15 08:21:16.566,0.81351,0.81376,1.73,1.58
2012.11.15 08:21:16.692,0.81354,0.81379,1.73,1.35
2012.11.15 08:21:18.982,0.81356,0.81379,1.50,1.73
2012.11.15 08:21:19.960,0.81356,0.8138,1.50,1.35
2012.11.15 08:21:31.192,0.81356,0.8138,1.50,1.35
2012.11.15 08:21:31.513,0.81356,0.81379,1.50,1.73
2012.11.15 08:21:32.773,0.81356,0.8138,1.50,1.35
2012.11.15 08:21:40.910,0.81356,0.8138,1.73,1.13
2012.11.15 08:21:40.971,0.81357,0.81383,1.73,1.13
2012.11.15 08:21:46.541,0.81361,0.81383,1.50,1.13
2012.11.15 08:21:47.006,0.81356,0.81381,1.73,1.35
2012.11.15 08:21:47.513,0.81351,0.81379,1.73,1.35
2012.11.15 08:21:48.021,0.81351,0.81375,1.73,1.13
2012.11.15 08:21:48.411,0.81353,0.81383,2.70,1.13
2012.11.15 08:21:48.471,0.81362,0.81383,1.73,1.13
2012.11.15 08:21:48.834,0.81362,0.81383,1.73,1.13
2012.11.15 08:21:49.203,0.81365,0.81387,1.73,1.50
2012.11.15 08:21:49.283,0.81365,0.81388,1.73,1.13
2012.11.15 08:21:52.353,0.81366,0.81388,1.73,1.50
2012.11.15 08:21:54.572,0.81366,0.81389,1.73,1.73
2012.11.15 08:22:00.461,0.81366,0.81394,1.73,2.48
2012.11.15 08:22:01.161,0.81369,0.81394,1.73,1.50
2012.11.15 08:22:01.631,0.81365,0.81394,1.50,1.73
2012.11.15 08:22:02.218,0.81365,0.8139,1.50,1.58
2012.11.15 08:22:10.691,0.81361,0.8139,1.50,1.58
2012.11.15 08:22:10.751,0.81361,0.8139,1.50,1.58
2012.11.15 08:22:11.156,0.81361,0.8139,1.50,1.58
2012.11.15 08:22:13.181,0.8136,0.81389,1.50,1.35
2012.11.15 08:22:15.391,0.81357,0.81389,2.10,1.35
2012.11.15 08:22:15.912,0.81357,0.81384,1.50,1.58
2012.11.15 08:22:17.730,0.81357,0.81389,2.10,1.95
2012.11.15 08:22:20.052,0.81361,0.81389,1.73,1.58
2012.11.15 08:22:20.576,0.81361,0.81385,1.50,1.58
2012.11.15 08:22:21.197,0.8136,0.81388,1.50,1.73
2012.11.15 08:22:25.543,0.8136,0.81389,1.50,1.73
2012.11.15 08:22:25.762,0.81359,0.81389,1.73,1.73
2012.11.15 08:22:28.130,0.81358,0.81389,1.73,1.73
2012.11.15 08:22:32.369,0.81364,0.81389,1.50,1.50
2012.11.15 08:22:32.550,0.81367,0.81397,1.73,1.13
2012.11.15 08:22:32.731,0.81367,0.81396,1.50,1.58
2012.11.15 08:22:32.790,0.81367,0.81394,1.50,1.35
2012.11.15 08:22:32.850,0.81362,0.81394,1.35,1.35
2012.11.15 08:22:33.060,0.8136,0.81387,1.50,1.73
2012.11.15 08:22:44.063,0.81357,0.81387,1.35,1.73
2012.11.15 08:22:44.500,0.81357,0.81385,1.35,1.73
2012.11.15 08:22:49.440,0.81351,0.81384,2.10,1.50
2012.11.15 08:22:49.940,0.81351,0.81379,2.10,1.73
2012.11.15 08:22:50.871,0.81351,0.81384,2.10,1.73
2012.11.15 08:22:51.030,0.81353,0.81384,1.73,1.50
2012.11.15 08:22:52.410,0.81351,0.8138,2.10,1.50
2012.11.15 08:22:52.530,0.8135,0.81374,1.13,1.73
2012.11.15 08:22:52.590,0.81345,0.81379,2.10,2.10
2012.11.15 08:22:52.650,0.81347,0.81379,1.73,2.10
2012.11.15 08:22:52.771,0.8135,0.81379,1.35,1.50
2012.11.15 08:22:53.467,0.81352,0.81379,1.73,1.50
2012.11.15 08:23:01.220,0.81353,0.81382,1.73,1.73
2012.11.15 08:23:05.860,0.8135,0.81379,2.10,1.50
2012.11.15 08:23:05.980,0.8135,0.81379,2.10,1.73
2012.11.15 08:23:10.897,0.81351,0.81379,1.13,1.73
2012.11.15 08:23:11.021,0.81353,0.8138,1.73,1.50
2012.11.15 08:23:11.332,0.81351,0.8138,2.10,1.50
2012.11.15 08:23:11.441,0.81351,0.8138,1.88,1.73
2012.11.15 08:23:11.670,0.81351,0.81381,2.10,1.73
2012.11.15 08:23:11.730,0.81352,0.81381,1.73,1.73
2012.11.15 08:23:41.841,0.81351,0.81378,1.73,1.50
2012.11.15 08:23:42.021,0.81348,0.81373,1.35,1.73
2012.11.15 08:23:42.550,0.81345,0.81373,1.73,1.73
2012.11.15 08:23:51.095,0.81345,0.81373,1.73,1.73
2012.11.15 08:24:01.421,0.81346,0.81374,1.35,1.73
2012.11.15 08:24:01.792,0.81346,0.81374,1.35,1.73
2012.11.15 08:24:04.582,0.81343,0.81374,1.73,1.73
2012.11.15 08:24:05.742,0.81347,0.81374,1.50,1.73
2012.11.15 08:24:06.312,0.81347,0.81374,1.73,1.50
2012.11.15 08:24:06.907,0.81345,0.81374,1.35,1.50
2012.11.15 08:24:07.725,0.81348,0.81374,1.13,1.73
2012.11.15 08:24:08.116,0.81351,0.81375,1.35,1.50
2012.11.15 08:24:08.226,0.81351,0.81378,1.35,1.73
2012.11.15 08:24:09.291,0.81351,0.81378,1.35,1.73
2012.11.15 08:24:12.191,0.81351,0.81378,1.35,1.50
2012.11.15 08:24:13.222,0.81355,0.81379,1.35,1.50
2012.11.15 08:24:14.662,0.81354,0.81384,1.35,1.73
2012.11.15 08:24:14.721,0.81354,0.81384,1.35,1.73
2012.11.15 08:24:19.892,0.81356,0.81388,1.35,1.95
2012.11.15 08:24:19.951,0.81363,0.81389,1.88,1.35
2012.11.15 08:24:20.111,0.81364,0.81394,1.35,1.50
2012.11.15 08:24:20.380,0.81365,0.81394,1.73,1.50
2012.11.15 08:24:21.933,0.81367,0.81394,1.35,1.50
2012.11.15 08:24:22.061,0.81365,0.81394,1.35,1.50
2012.11.15 08:24:31.212,0.81367,0.81394,1.35,1.50
2012.11.15 08:24:32.121,0.81367,0.81394,1.35,1.50
2012.11.15 08:24:32.373,0.81366,0.81393,1.35,1.50
2012.11.15 08:24:32.492,0.81366,0.81393,1.13,1.73
2012.11.15 08:24:32.741,0.81362,0.81383,1.13,1.50
2012.11.15 08:24:33.381,0.81362,0.81393,1.13,3.60
2012.11.15 08:24:33.500,0.81362,0.81393,1.35,1.73
2012.11.15 08:24:35.101,0.81362,0.81393,1.35,1.73
2012.11.15 08:24:35.161,0.81362,0.81393,1.35,1.73
2012.11.15 08:24:35.220,0.81362,0.81393,2.10,1.50
2012.11.15 08:24:40.171,0.81367,0.81389,1.35,1.50
2012.11.15 08:24:44.602,0.8137,0.81393,1.13,2.10
2012.11.15 08:24:44.720,0.8137,0.81393,1.13,1.50
2012.11.15 08:24:51.577,0.81369,0.81393,1.13,1.50
2012.11.15 08:24:54.970,0.8137,0.81398,1.13,1.35
2012.11.15 08:24:55.030,0.8137,0.81398,1.35,1.35
2012.11.15 08:24:57.680,0.81372,0.81402,1.35,1.35
2012.11.15 08:24:57.861,0.81372,0.81399,1.35,1.50
2012.11.15 08:24:58.010,0.81372,0.81399,1.35,1.73
2012.11.15 08:25:00.042,0.8137,0.81399,1.73,1.73
2012.11.15 08:25:01.512,0.81372,0.81399,1.35,1.73
2012.11.15 08:25:04.595,0.81369,0.81402,1.35,1.35
2012.11.15 08:25:05.582,0.81372,0.81402,1.35,1.35
2012.11.15 08:25:09.818,0.81372,0.81404,2.10,1.73
2012.11.15 08:25:10.862,0.81375,0.81403,1.35,1.73
2012.11.15 08:25:10.981,0.81376,0.81403,1.73,1.73
2012.11.15 08:25:11.041,0.81375,0.81404,2.10,1.50
2012.11.15 08:25:12.211,0.81375,0.81403,2.10,1.13
2012.11.15 08:25:12.643,0.81375,0.81403,1.35,1.88
2012.11.15 08:25:21.461,0.81376,0.81403,1.35,2.10
2012.11.15 08:25:24.973,0.81376,0.81403,1.35,1.73
2012.11.15 08:25:27.881,0.81381,0.81404,1.13,1.35
2012.11.15 08:25:27.940,0.81378,0.81404,1.13,1.35
2012.11.15 08:25:29.091,0.81376,0.81399,1.50,1.35
2012.11.15 08:25:29.402,0.81372,0.81399,1.73,1.35
2012.11.15 08:25:29.463,0.81372,0.81399,1.73,1.35
2012.11.15 08:25:29.646,0.81372,0.814,1.73,1.73
2012.11.15 08:25:35.731,0.81377,0.81404,1.73,1.88
2012.11.15 08:25:40.951,0.81379,0.81409,1.35,2.10
2012.11.15 08:25:41.071,0.81382,0.81409,1.73,1.88
2012.11.15 08:25:41.131,0.81379,0.81409,1.35,1.88
2012.11.15 08:25:41.252,0.81379,0.81409,1.13,1.73
2012.11.15 08:25:41.491,0.81376,0.81402,1.35,1.73
2012.11.15 08:25:42.116,0.81376,0.81402,1.35,1.50
2012.11.15 08:25:42.171,0.81377,0.81404,1.73,1.88
2012.11.15 08:25:52.931,0.81381,0.81409,1.73,2.85
2012.11.15 08:25:52.991,0.81381,0.81409,1.73,2.10
2012.11.15 08:25:53.122,0.81381,0.81407,1.73,1.13
2012.11.15 08:25:53.321,0.81381,0.81407,1.73,1.35
2012.11.15 08:26:03.642,0.81379,0.81406,1.73,2.10
2012.11.15 08:26:08.584,0.81379,0.81406,1.73,1.88
2012.11.15 08:26:08.652,0.81379,0.81404,1.73,1.13
2012.11.15 08:26:15.560,0.81376,0.81403,1.73,1.35
2012.11.15 08:26:18.593,0.81375,0.81401,1.73,1.13
2012.11.15 08:26:18.651,0.81375,0.81401,1.73,1.88
2012.11.15 08:26:18.996,0.81374,0.81402,1.73,1.35
2012.11.15 08:26:19.512,0.81374,0.81402,1.73,1.35
2012.11.15 08:26:28.691,0.81374,0.81399,1.35,1.50
2012.11.15 08:26:34.611,0.81374,0.81403,1.13,1.73
2012.11.15 08:26:34.756,0.81375,0.81401,1.73,1.35
2012.11.15 08:26:39.112,0.81375,0.81401,1.73,1.35
2012.11.15 08:26:39.171,0.81375,0.81397,1.50,1.35
2012.11.15 08:26:41.863,0.81373,0.81403,1.88,1.73
2012.11.15 08:26:41.921,0.81374,0.81403,1.73,1.73
2012.11.15 08:26:41.981,0.81374,0.81403,1.73,2.10
2012.11.15 08:26:49.891,0.81377,0.81403,1.50,1.35
2012.11.15 08:26:58.171,0.81384,0.81408,1.50,1.35
2012.11.15 08:26:58.231,0.81384,0.81408,1.88,1.35
2012.11.15 08:27:09.671,0.81383,0.81405,1.13,1.13
2012.11.15 08:27:09.731,0.81382,0.81403,1.35,1.50
2012.11.15 08:27:10.185,0.81383,0.81403,1.13,1.50
2012.11.15 08:27:10.971,0.81383,0.81408,1.13,1.73
2012.11.15 08:27:11.169,0.81383,0.81408,1.35,1.50
2012.11.15 08:27:11.354,0.81382,0.81408,1.35,1.73
2012.11.15 08:27:13.598,0.81379,0.81405,1.73,1.73
2012.11.15 08:27:17.481,0.81381,0.81403,1.13,1.35
2012.11.15 08:27:19.882,0.81379,0.81404,1.13,1.35
2012.11.15 08:27:19.941,0.81381,0.81408,1.73,1.50
2012.11.15 08:27:20.483,0.81384,0.8141,1.73,1.73
2012.11.15 08:27:45.562,0.81385,0.8141,1.35,1.13
2012.11.15 08:27:50.161,0.81381,0.81409,2.48,1.50
2012.11.15 08:27:50.221,0.81381,0.81408,2.10,1.35
2012.11.15 08:27:50.863,0.81381,0.81408,1.88,1.35
2012.11.15 08:27:51.222,0.81381,0.81407,1.73,1.50
2012.11.15 08:27:51.731,0.81376,0.81403,1.73,1.13
2012.11.15 08:28:08.656,0.81376,0.81402,1.73,1.13
2012.11.15 08:28:08.832,0.81373,0.81399,1.73,1.13
2012.11.15 08:28:10.112,0.81373,0.81399,1.73,1.13
2012.11.15 08:28:10.231,0.8138,0.81406,1.73,1.88
2012.11.15 08:28:27.860,0.81381,0.81406,1.73,1.13
2012.11.15 08:28:28.042,0.81379,0.81405,1.73,1.73
2012.11.15 08:28:29.901,0.81374,0.81404,1.35,1.73
2012.11.15 08:28:31.195,0.81377,0.81404,1.73,1.73
2012.11.15 08:28:32.093,0.81377,0.81403,1.73,1.50
2012.11.15 08:28:33.103,0.81373,0.81403,2.10,1.73
2012.11.15 08:28:33.282,0.81377,0.81406,1.73,1.73
2012.11.15 08:28:33.462,0.81384,0.81408,1.50,1.35
2012.11.15 08:28:33.663,0.81383,0.81409,1.73,1.13
2012.11.15 08:28:33.951,0.81382,0.81408,1.65,1.13
2012.11.15 08:28:34.017,0.81382,0.81408,1.65,1.35
2012.11.15 08:28:34.855,0.8138,0.81406,1.73,1.50
2012.11.15 08:28:36.242,0.81377,0.81404,1.50,1.73
2012.11.15 08:28:36.512,0.81378,0.81407,1.73,1.73
2012.11.15 08:28:36.693,0.81377,0.81407,1.73,1.73
2012.11.15 08:28:36.752,0.81377,0.81407,1.73,1.73
2012.11.15 08:28:37.431,0.81376,0.81405,1.73,1.73
2012.11.15 08:28:43.022,0.81376,0.81404,1.35,1.73
2012.11.15 08:28:46.887,0.81375,0.81409,2.10,2.10
2012.11.15 08:28:47.011,0.81377,0.81407,1.73,1.35
2012.11.15 08:28:47.512,0.81378,0.81407,1.73,1.35
2012.11.15 08:28:48.225,0.81378,0.81409,1.73,1.13
2012.11.15 08:28:48.291,0.81381,0.8141,1.73,1.13
2012.11.15 08:28:50.297,0.81381,0.81409,1.73,1.13
2012.11.15 08:28:50.479,0.8138,0.81409,1.73,1.88
2012.11.15 08:28:51.438,0.81379,0.81408,1.73,1.35
2012.11.15 08:28:52.626,0.81379,0.81406,1.50,1.35
2012.11.15 08:28:52.681,0.81374,0.81403,1.73,1.73
2012.11.15 08:28:53.232,0.81374,0.81403,1.73,2.48
2012.11.15 08:28:58.852,0.81374,0.81403,1.73,2.10
2012.11.15 08:29:01.377,0.81374,0.814,1.73,1.13
2012.11.15 08:29:02.295,0.8137,0.81398,1.73,1.50
2012.11.15 08:29:02.723,0.8137,0.81398,1.73,1.73
2012.11.15 08:29:02.782,0.81368,0.81398,1.73,1.73
2012.11.15 08:29:03.001,0.8137,0.81398,1.73,1.73
2012.11.15 08:29:03.221,0.81372,0.81399,1.50,2.10
2012.11.15 08:29:03.381,0.81372,0.81399,1.73,1.88
2012.11.15 08:29:05.055,0.8137,0.81399,1.73,1.88
2012.11.15 08:29:05.540,0.8137,0.81399,1.73,2.10
2012.11.15 08:29:06.701,0.8137,0.81399,1.73,2.10
2012.11.15 08:29:06.762,0.81372,0.81399,1.73,1.13
2012.11.15 08:29:30.431,0.81371,0.81398,1.73,1.88
2012.11.15 08:29:30.491,0.81371,0.81398,1.73,2.10
2012.11.15 08:29:35.641,0.8137,0.81398,1.73,2.40
2012.11.15 08:29:36.351,0.8137,0.81397,1.73,1.28
2012.11.15 08:29:39.653,0.81366,0.81396,1.73,1.73
2012.11.15 08:29:40.011,0.81364,0.81392,1.35,1.73
2012.11.15 08:29:42.183,0.81364,0.81394,1.35,1.73
2012.11.15 08:29:42.562,0.81367,0.81394,1.73,1.50
2012.11.15 08:29:47.098,0.81366,0.81394,1.35,1.50
2012.11.15 08:29:47.161,0.81366,0.81393,1.35,1.50
2012.11.15 08:29:47.661,0.81363,0.8139,1.35,1.50
2012.11.15 08:29:49.607,0.81363,0.81394,1.35,1.73
2012.11.15 08:29:49.733,0.81366,0.81394,1.73,1.50
2012.11.15 08:29:53.911,0.81367,0.81397,1.73,1.35
2012.11.15 08:29:55.331,0.81367,0.81396,1.73,1.50
2012.11.15 08:29:55.434,0.81366,0.81394,1.73,1.50
2012.11.15 08:29:55.491,0.81366,0.81394,1.73,1.50
2012.11.15 08:29:57.471,0.81368,0.81395,1.73,1.13
2012.11.15 08:29:58.427,0.81367,0.81398,1.35,1.13
2012.11.15 08:30:02.483,0.81367,0.81398,2.10,1.88
2012.11.15 08:30:04.731,0.8137,0.81398,1.73,1.13
2012.11.15 08:30:05.243,0.8137,0.81398,1.73,1.13
2012.11.15 08:30:07.095,0.8137,0.814,1.73,1.13
2012.11.15 08:30:07.936,0.81368,0.814,1.92,1.13
2012.11.15 08:30:10.593,0.81376,0.814,1.73,1.13
2012.11.15 08:30:10.652,0.81373,0.814,1.73,1.35
2012.11.15 08:30:11.202,0.81368,0.814,1.35,1.35
2012.11.15 08:30:17.412,0.81367,0.81398,1.35,1.35
2012.11.15 08:30:17.531,0.81367,0.81398,1.73,1.13
2012.11.15 08:30:17.852,0.81366,0.81397,1.73,1.13
2012.11.15 08:30:17.971,0.81366,0.81398,1.13,1.50
2012.11.15 08:30:18.091,0.8136,0.81394,2.10,1.35
2012.11.15 08:30:18.151,0.8136,0.81394,2.10,1.35
2012.11.15 08:30:18.211,0.81362,0.81394,1.73,1.35
2012.11.15 08:30:20.592,0.81365,0.81398,1.35,1.73
2012.11.15 08:30:20.711,0.81366,0.81399,1.35,1.95
2012.11.15 08:30:26.091,0.81368,0.81404,1.73,2.48
2012.11.15 08:30:26.304,0.81369,0.81404,1.35,1.73
2012.11.15 08:30:27.298,0.81371,0.81404,1.35,1.35
2012.11.15 08:30:28.634,0.81371,0.81403,1.35,1.13
2012.11.15 08:30:28.846,0.81371,0.81403,1.35,1.35
2012.11.15 08:30:32.201,0.81373,0.81402,1.35,1.35
2012.11.15 08:30:32.702,0.81373,0.81407,1.35,1.35
2012.11.15 08:30:33.021,0.81375,0.81402,1.73,1.13
2012.11.15 08:30:33.332,0.81373,0.81402,2.10,1.13
2012.11.15 08:30:33.692,0.81375,0.81408,1.73,2.10
2012.11.15 08:30:35.052,0.81375,0.81408,2.10,1.50
2012.11.15 08:30:36.651,0.81375,0.81407,2.10,1.35
2012.11.15 08:30:36.711,0.81375,0.81402,1.73,1.13
2012.11.15 08:30:42.612,0.81375,0.81402,1.73,1.13
2012.11.15 08:30:42.791,0.8137,0.814,1.73,1.35
2012.11.15 08:30:44.323,0.81369,0.81398,1.73,1.13
2012.11.15 08:30:44.542,0.81367,0.81398,1.73,1.35
2012.11.15 08:30:46.362,0.81367,0.81399,1.73,1.35
2012.11.15 08:30:46.517,0.81367,0.81399,1.73,1.13
2012.11.15 08:30:47.136,0.81369,0.81399,1.73,1.13
2012.11.15 08:30:47.312,0.81367,0.81399,1.73,1.13
2012.11.15 08:30:47.371,0.81367,0.81399,1.73,1.35
2012.11.15 08:30:48.343,0.81367,0.81399,1.73,1.73
2012.11.15 08:30:48.671,0.81369,0.81399,1.73,1.73
2012.11.15 08:30:49.811,0.81369,0.81399,1.73,1.35
2012.11.15 08:30:50.216,0.81369,0.81398,1.73,1.50
2012.11.15 08:30:51.652,0.81367,0.81394,1.35,1.13
2012.11.15 08:30:52.309,0.81366,0.81394,1.73,1.13
2012.11.15 08:30:54.046,0.81366,0.81394,1.73,1.13
2012.11.15 08:30:54.161,0.8137,0.81398,1.50,1.73
2012.11.15 08:30:56.683,0.81371,0.81398,1.73,1.50
2012.11.15 08:30:57.182,0.81372,0.81403,1.35,1.13
2012.11.15 08:30:57.361,0.81374,0.81402,1.73,1.13
2012.11.15 08:30:57.437,0.81374,0.81402,1.73,1.13
2012.11.15 08:30:57.502,0.81374,0.81399,1.73,1.50
2012.11.15 08:30:59.142,0.81372,0.81399,1.35,2.25
2012.11.15 08:30:59.884,0.81372,0.81404,1.35,1.73
2012.11.15 08:30:59.948,0.81376,0.81404,1.73,1.50
2012.11.15 08:31:00.249,0.81376,0.81402,1.73,1.50
2012.11.15 08:31:00.599,0.81376,0.81402,1.73,1.50
2012.11.15 08:31:01.576,0.81376,0.81407,1.73,1.50
2012.11.15 08:31:01.633,0.81376,0.81402,1.73,1.13
2012.11.15 08:31:01.816,0.81374,0.81404,1.32,1.50
2012.11.15 08:31:01.931,0.81375,0.81404,1.73,1.73
2012.11.15 08:31:02.014,0.81375,0.81404,1.73,1.50
2012.11.15 08:31:03.662,0.81378,0.81407,1.73,1.73
2012.11.15 08:31:05.723,0.8138,0.81408,1.73,2.25
2012.11.15 08:31:10.863,0.8138,0.81405,1.73,1.13
2012.11.15 08:31:10.922,0.8138,0.81405,1.50,1.35
2012.11.15 08:31:11.612,0.81377,0.81404,1.73,2.10
2012.11.15 08:31:12.006,0.81373,0.81401,1.73,1.35
2012.11.15 08:31:12.072,0.81376,0.81403,1.73,1.50
2012.11.15 08:31:12.255,0.81372,0.81401,1.35,1.35
2012.11.15 08:31:13.071,0.81372,0.81398,1.35,1.13
2012.11.15 08:31:15.291,0.8137,0.814,1.73,1.35
2012.11.15 08:31:15.462,0.81375,0.81404,1.73,2.10
2012.11.15 08:31:21.303,0.81379,0.81404,1.73,2.25
2012.11.15 08:31:22.370,0.81379,0.81404,1.73,1.13
2012.11.15 08:31:22.491,0.81377,0.81404,1.73,1.13
2012.11.15 08:31:23.978,0.8138,0.81404,1.73,1.13
2012.11.15 08:31:24.493,0.8138,0.81408,1.73,2.25
2012.11.15 08:31:25.711,0.8138,0.81408,1.73,1.13
2012.11.15 08:31:26.622,0.81378,0.81403,1.73,1.13
2012.11.15 08:31:26.685,0.81378,0.81403,1.73,1.13
2012.11.15 08:31:28.662,0.81377,0.81403,1.73,1.73
2012.11.15 08:31:28.722,0.81377,0.81403,1.73,1.73
2012.11.15 08:31:29.126,0.81371,0.81401,2.00,1.13
2012.11.15 08:31:29.731,0.81369,0.81401,2.48,1.35
2012.11.15 08:31:29.932,0.81372,0.81398,1.73,1.13
2012.11.15 08:31:30.253,0.81367,0.81398,1.73,1.35
2012.11.15 08:31:31.781,0.81367,0.81399,2.10,1.35
2012.11.15 08:31:32.442,0.81367,0.81399,2.10,1.35
2012.11.15 08:31:43.391,0.81367,0.81396,1.73,1.13
2012.11.15 08:31:43.451,0.81367,0.81396,1.73,1.35
2012.11.15 08:31:44.159,0.81365,0.81393,1.73,1.35
2012.11.15 08:31:45.202,0.81368,0.81395,1.73,1.13
2012.11.15 08:31:45.402,0.81365,0.81395,1.73,1.13
2012.11.15 08:31:45.528,0.81365,0.81395,1.73,1.35
2012.11.15 08:31:45.592,0.81365,0.81389,1.73,1.50
2012.11.15 08:31:45.952,0.81365,0.81392,1.50,1.73
2012.11.15 08:31:46.013,0.81365,0.81392,1.73,1.50
2012.11.15 08:31:46.072,0.81365,0.81394,1.73,1.13
2012.11.15 08:31:46.193,0.81365,0.81394,1.73,1.13
2012.11.15 08:31:46.265,0.81365,0.81394,1.73,1.35
2012.11.15 08:31:46.687,0.81365,0.81394,1.73,1.13
2012.11.15 08:31:47.012,0.81365,0.81397,2.10,1.35
2012.11.15 08:31:47.622,0.81363,0.81393,1.35,1.35
2012.11.15 08:31:47.741,0.81361,0.81393,1.73,1.35
2012.11.15 08:31:47.843,0.81363,0.81394,1.13,1.35
2012.11.15 08:31:47.962,0.81364,0.81394,1.73,1.13
2012.11.15 08:31:48.503,0.81367,0.81394,1.35,1.13
2012.11.15 08:31:55.488,0.81368,0.81394,1.73,1.13
2012.11.15 08:32:04.873,0.81368,0.81394,1.73,1.13
2012.11.15 08:32:08.892,0.81368,0.81398,1.73,2.48
2012.11.15 08:32:09.893,0.81367,0.81398,1.59,1.50
2012.11.15 08:32:15.364,0.81372,0.81395,1.73,1.13
2012.11.15 08:32:15.483,0.81365,0.81393,2.10,1.13
2012.11.15 08:32:17.982,0.81367,0.81396,2.10,1.13
2012.11.15 08:32:18.499,0.81367,0.81398,2.10,1.73
2012.11.15 08:32:20.241,0.81367,0.81398,2.70,1.13
2012.11.15 08:32:22.403,0.81367,0.81398,2.70,1.50
2012.11.15 08:32:22.521,0.81367,0.81395,1.58,1.13
2012.11.15 08:32:34.133,0.81363,0.81395,1.35,1.13
2012.11.15 08:32:34.192,0.81363,0.81395,1.35,1.35
2012.11.15 08:32:38.961,0.81362,0.81396,2.01,1.35
2012.11.15 08:32:40.862,0.81362,0.81396,2.01,1.35
2012.11.15 08:32:41.052,0.81362,0.81396,1.35,1.35
2012.11.15 08:32:41.124,0.81362,0.81396,1.35,1.35
2012.11.15 08:32:41.182,0.81362,0.81396,1.94,1.35
2012.11.15 08:32:41.302,0.81362,0.81394,1.56,1.50
2012.11.15 08:32:41.894,0.81364,0.81394,1.73,1.50
2012.11.15 08:32:42.142,0.81364,0.81395,1.73,1.35
2012.11.15 08:32:51.641,0.81362,0.81396,1.73,1.35
2012.11.15 08:32:51.701,0.81362,0.81396,1.35,1.35
2012.11.15 08:32:51.862,0.81362,0.81396,1.35,1.35
2012.11.15 08:32:55.089,0.81367,0.81396,1.35,1.13
2012.11.15 08:32:55.186,0.81367,0.81396,1.35,1.13
2012.11.15 08:32:55.242,0.81367,0.81396,1.35,1.35
2012.11.15 08:32:57.102,0.81367,0.81396,1.35,1.35
2012.11.15 08:32:57.222,0.81362,0.81396,1.95,1.35
2012.11.15 08:32:57.392,0.81362,0.81396,1.95,1.35
2012.11.15 08:32:57.702,0.81364,0.81398,1.35,1.35
2012.11.15 08:32:58.452,0.81359,0.81393,1.74,1.13
2012.11.15 08:32:58.511,0.81359,0.81393,1.35,1.35
2012.11.15 08:32:59.226,0.81363,0.81397,1.95,1.35
2012.11.15 08:33:01.181,0.81367,0.81399,1.35,1.35
2012.11.15 08:33:01.282,0.81367,0.81399,1.35,1.35
2012.11.15 08:33:01.341,0.81367,0.81399,1.35,2.48
2012.11.15 08:33:01.511,0.81367,0.81395,1.35,1.35
2012.11.15 08:33:03.172,0.81363,0.81395,1.58,1.35
2012.11.15 08:33:03.295,0.81363,0.81395,1.58,1.35
2012.11.15 08:33:03.354,0.81363,0.81395,1.58,1.35
2012.11.15 08:33:03.912,0.81364,0.81399,1.35,1.35
2012.11.15 08:33:03.972,0.81364,0.81399,1.98,1.13
2012.11.15 08:33:04.142,0.81364,0.81396,1.98,1.13
2012.11.15 08:33:04.201,0.81364,0.81396,1.35,1.35
2012.11.15 08:33:11.392,0.81362,0.81396,1.35,1.35
2012.11.15 08:33:11.944,0.81363,0.81393,1.35,1.13
2012.11.15 08:33:12.043,0.81363,0.81392,1.35,1.13
2012.11.15 08:33:12.302,0.81363,0.81396,1.35,1.35
2012.11.15 08:33:13.632,0.81363,0.81393,1.35,1.20
2012.11.15 08:33:15.182,0.81363,0.81394,1.35,1.73
2012.11.15 08:33:19.662,0.81361,0.81393,1.35,1.73
2012.11.15 08:33:19.729,0.81361,0.81393,1.35,1.95
2012.11.15 08:33:46.942,0.8136,0.81394,1.35,1.95
2012.11.15 08:33:47.002,0.8136,0.81394,1.35,1.95
2012.11.15 08:33:50.611,0.81358,0.81392,1.35,1.35
2012.11.15 08:33:50.774,0.81358,0.81392,1.35,1.35
2012.11.15 08:33:54.902,0.81363,0.81394,1.35,1.58
2012.11.15 08:33:54.962,0.81363,0.81395,1.35,1.35
2012.11.15 08:34:13.694,0.81371,0.81403,1.35,1.95
2012.11.15 08:34:13.755,0.81371,0.81403,1.35,1.95
2012.11.15 08:34:19.113,0.81367,0.81401,2.48,1.35
2012.11.15 08:34:19.504,0.81367,0.81401,1.73,1.35
2012.11.15 08:34:31.179,0.81371,0.81399,1.35,1.35
2012.11.15 08:34:31.302,0.81371,0.81398,1.35,1.13
2012.11.15 08:34:31.421,0.81371,0.81397,1.35,1.35
2012.11.15 08:34:36.201,0.81366,0.81392,2.48,1.13
2012.11.15 08:34:36.426,0.81366,0.81392,1.35,1.35
2012.11.15 08:34:39.502,0.81366,0.81392,2.48,1.35
2012.11.15 08:34:42.517,0.81367,0.81392,1.35,1.35
2012.11.15 08:34:43.872,0.8137,0.81394,1.35,1.13
2012.11.15 08:34:55.211,0.81371,0.81393,1.50,1.13
2012.11.15 08:35:10.382,0.81367,0.81399,1.73,1.35
2012.11.15 08:35:10.542,0.81368,0.81399,1.73,1.35
2012.11.15 08:35:10.822,0.81368,0.81399,1.73,1.35
2012.11.15 08:35:10.971,0.81368,0.814,1.73,1.35
2012.11.15 08:35:11.725,0.81367,0.81396,1.35,1.35
2012.11.15 08:35:11.795,0.81366,0.81396,1.35,1.35
2012.11.15 08:35:11.973,0.81367,0.81399,1.73,1.95
2012.11.15 08:35:12.034,0.81367,0.81399,1.73,1.13
2012.11.15 08:35:22.382,0.81364,0.81398,2.22,1.13
2012.11.15 08:35:22.441,0.81361,0.81395,1.88,2.13
2012.11.15 08:35:22.501,0.81361,0.81393,1.13,1.58
2012.11.15 08:35:22.931,0.81361,0.81395,1.13,2.13
2012.11.15 08:35:23.132,0.81364,0.81395,1.35,1.35
2012.11.15 08:35:23.191,0.81364,0.81395,1.35,1.35
2012.11.15 08:35:25.162,0.81361,0.81395,1.73,1.35
2012.11.15 08:35:25.221,0.81361,0.81395,1.50,1.35
2012.11.15 08:35:25.421,0.81363,0.81395,1.13,2.10
2012.11.15 08:35:25.481,0.81363,0.81395,1.35,1.35
2012.11.15 08:35:45.854,0.81366,0.81395,1.13,1.35
2012.11.15 08:35:46.102,0.81366,0.81397,1.13,1.73
2012.11.15 08:35:46.161,0.81366,0.81397,1.35,1.73
2012.11.15 08:35:46.260,0.81366,0.81397,1.35,1.73
2012.11.15 08:35:52.842,0.81366,0.81394,1.13,1.73
2012.11.15 08:35:53.252,0.81362,0.81395,1.50,1.73
2012.11.15 08:35:53.393,0.81361,0.81393,1.13,1.35
2012.11.15 08:35:59.363,0.8136,0.81393,1.35,1.73
2012.11.15 08:35:59.701,0.81362,0.81393,1.73,1.35
2012.11.15 08:36:07.541,0.81356,0.81388,1.73,1.13
2012.11.15 08:36:08.353,0.81362,0.81392,1.35,1.73
2012.11.15 08:36:18.189,0.81355,0.81388,1.85,1.88
2012.11.15 08:36:21.201,0.81361,0.81389,1.35,1.73
2012.11.15 08:36:24.181,0.81364,0.81389,1.35,1.35
2012.11.15 08:36:28.054,0.8136,0.81388,1.58,1.13
2012.11.15 08:36:28.231,0.8136,0.81388,1.35,1.13
2012.11.15 08:36:28.391,0.8136,0.81393,1.35,1.73
2012.11.15 08:36:31.421,0.81359,0.81389,1.73,1.50
2012.11.15 08:36:31.482,0.81359,0.81389,1.73,1.73
2012.11.15 08:36:31.721,0.81359,0.81391,1.73,1.73
2012.11.15 08:36:31.921,0.81359,0.81389,1.35,1.73
2012.11.15 08:36:32.522,0.81362,0.81389,1.13,1.73
2012.11.15 08:36:34.480,0.81361,0.81389,1.35,1.73
2012.11.15 08:36:35.223,0.81361,0.81392,1.35,1.73
2012.11.15 08:36:35.281,0.81361,0.81392,1.35,1.73
2012.11.15 08:36:41.910,0.8136,0.81388,1.35,1.50
2012.11.15 08:36:46.552,0.81359,0.81389,1.35,1.50
2012.11.15 08:36:48.189,0.81359,0.81388,1.73,1.50
2012.11.15 08:36:48.402,0.81356,0.81387,1.80,1.50
2012.11.15 08:36:48.462,0.81356,0.81384,1.35,1.50
2012.11.15 08:36:48.682,0.81356,0.81388,1.87,1.50
2012.11.15 08:36:49.512,0.81356,0.81388,1.35,1.73
2012.11.15 08:36:55.662,0.81356,0.81385,1.35,1.73
2012.11.15 08:36:55.782,0.81356,0.81382,1.35,1.73
2012.11.15 08:36:56.162,0.81364,0.81392,1.13,1.25
2012.11.15 08:36:56.372,0.81364,0.81393,1.35,1.35
2012.11.15 08:36:56.434,0.81362,0.81393,1.54,1.35
2012.11.15 08:36:56.493,0.81361,0.81388,2.10,1.73
2012.11.15 08:36:57.528,0.81361,0.81387,1.35,1.73
2012.11.15 08:37:01.272,0.81358,0.8139,1.35,1.88
2012.11.15 08:37:01.332,0.81358,0.8139,1.35,1.88
2012.11.15 08:37:04.102,0.81361,0.81389,1.35,1.50
2012.11.15 08:37:04.169,0.81361,0.81389,1.35,1.50
2012.11.15 08:37:04.823,0.81357,0.81389,1.35,2.48
2012.11.15 08:37:05.512,0.81357,0.81387,1.95,1.13
2012.11.15 08:37:15.653,0.8136,0.81393,1.35,1.73
2012.11.15 08:37:15.711,0.81362,0.81393,1.35,1.73
2012.11.15 08:37:15.892,0.8136,0.81389,1.35,1.50
2012.11.15 08:37:16.866,0.81359,0.81389,1.35,1.73
2012.11.15 08:37:18.342,0.81357,0.81386,1.58,1.50
2012.11.15 08:37:18.551,0.81351,0.81374,1.50,1.50
2012.11.15 08:37:21.423,0.81352,0.81383,1.13,1.35
2012.11.15 08:37:21.542,0.81352,0.81383,1.35,1.13
2012.11.15 08:37:22.131,0.81355,0.81384,1.35,1.73
2012.11.15 08:37:23.711,0.81361,0.81384,1.35,1.73
2012.11.15 08:37:26.498,0.81357,0.81384,1.35,1.73
2012.11.15 08:37:26.722,0.81357,0.81379,1.35,1.50
2012.11.15 08:37:27.061,0.81351,0.81379,1.58,1.73
2012.11.15 08:37:28.711,0.81352,0.81383,1.35,1.35
2012.11.15 08:37:29.243,0.81352,0.81383,1.73,1.50
2012.11.15 08:37:31.191,0.81352,0.81383,1.73,1.50
2012.11.15 08:37:37.613,0.81357,0.81385,1.58,1.35
2012.11.15 08:37:37.792,0.81359,0.81388,1.59,1.13
2012.11.15 08:37:40.911,0.81359,0.81388,1.59,1.50
2012.11.15 08:37:41.076,0.81358,0.81386,1.35,1.50
2012.11.15 08:37:46.817,0.81359,0.81389,1.35,1.73
2012.11.15 08:37:47.002,0.81359,0.81384,1.35,1.50
2012.11.15 08:37:47.063,0.81359,0.81384,1.13,1.73
2012.11.15 08:37:47.122,0.81359,0.81384,1.13,1.73
2012.11.15 08:37:47.182,0.81358,0.81386,1.35,1.35
2012.11.15 08:37:47.402,0.81357,0.81378,1.13,1.73
2012.11.15 08:37:47.922,0.81352,0.81378,1.35,1.73
2012.11.15 08:37:48.850,0.81352,0.81379,1.35,1.50
2012.11.15 08:37:51.142,0.81357,0.81389,1.35,2.10
2012.11.15 08:37:51.960,0.81357,0.81389,1.35,2.10
2012.11.15 08:37:54.444,0.81356,0.81389,1.35,2.10
2012.11.15 08:38:01.454,0.81356,0.81388,1.35,1.35
2012.11.15 08:38:02.038,0.81356,0.81389,1.35,2.10
2012.11.15 08:38:03.385,0.8136,0.81391,1.35,1.88
2012.11.15 08:38:04.942,0.8136,0.81394,1.35,2.48
2012.11.15 08:38:05.271,0.8136,0.81394,2.02,1.88
2012.11.15 08:38:08.116,0.8136,0.81394,1.65,1.88
2012.11.15 08:38:08.494,0.8136,0.81393,1.65,1.13
2012.11.15 08:38:11.212,0.8136,0.81393,1.65,1.13
2012.11.15 08:38:11.932,0.81361,0.81393,1.35,1.13
2012.11.15 08:38:19.283,0.81363,0.81394,1.35,1.50
2012.11.15 08:38:21.165,0.8136,0.81393,1.63,1.13
2012.11.15 08:38:32.388,0.81363,0.81392,1.35,1.13
2012.11.15 08:38:34.898,0.81363,0.81391,1.35,1.50
2012.11.15 08:38:35.506,0.81363,0.81389,1.35,1.50
2012.11.15 08:38:35.573,0.81363,0.81389,1.35,1.50
2012.11.15 08:38:35.994,0.81363,0.81393,1.35,1.35
2012.11.15 08:38:36.917,0.81361,0.81392,1.49,1.13
2012.11.15 08:38:38.677,0.81361,0.81392,1.49,1.13
2012.11.15 08:38:39.364,0.81365,0.81393,1.35,1.13
2012.11.15 08:38:39.482,0.81365,0.81393,1.35,1.13
2012.11.15 08:38:40.371,0.81366,0.81396,1.35,1.35
2012.11.15 08:38:41.338,0.81366,0.81396,1.35,1.13
2012.11.15 08:38:51.411,0.81366,0.81398,1.35,1.88
2012.11.15 08:38:52.326,0.81366,0.81397,1.35,1.13
2012.11.15 08:38:52.442,0.81363,0.81394,1.73,1.50
2012.11.15 08:38:53.193,0.81363,0.81393,1.73,1.50
2012.11.15 08:38:53.252,0.81363,0.81389,1.35,1.50
2012.11.15 08:39:01.118,0.81359,0.81388,1.35,1.50
2012.11.15 08:39:09.282,0.81361,0.8139,1.73,1.73
2012.11.15 08:39:13.762,0.81364,0.81394,1.35,1.50
2012.11.15 08:39:20.570,0.81364,0.81394,1.35,1.50
2012.11.15 08:39:20.692,0.81364,0.81388,1.35,1.50
2012.11.15 08:39:20.759,0.81364,0.81388,1.35,1.50
2012.11.15 08:39:21.521,0.81364,0.81389,1.35,1.50
2012.11.15 08:39:32.431,0.8136,0.81392,1.35,1.35
2012.11.15 08:39:32.551,0.81361,0.81393,2.10,1.50
2012.11.15 08:39:36.701,0.81362,0.81393,1.35,1.50
2012.11.15 08:39:36.761,0.8136,0.8139,2.21,1.50
2012.11.15 08:39:36.826,0.8136,0.8139,1.58,1.50
2012.11.15 08:39:36.922,0.8136,0.81391,1.58,1.35
2012.11.15 08:39:37.101,0.81364,0.81395,1.35,1.73
2012.11.15 08:39:37.681,0.81366,0.81398,1.73,1.73
2012.11.15 08:39:37.981,0.81366,0.81398,2.10,1.13
2012.11.15 08:39:40.582,0.81366,0.81399,1.73,1.13
2012.11.15 08:39:43.451,0.81366,0.81399,1.73,1.88
2012.11.15 08:39:48.582,0.81366,0.81398,1.73,1.13
2012.11.15 08:39:48.881,0.81366,0.81397,1.35,1.13
2012.11.15 08:39:49.063,0.81366,0.81395,1.35,1.50
2012.11.15 08:39:49.122,0.81366,0.81398,1.35,1.35
2012.11.15 08:39:49.491,0.81366,0.81396,1.35,1.50
2012.11.15 08:39:52.156,0.81366,0.81394,1.35,1.88
2012.11.15 08:39:52.601,0.81366,0.81391,1.35,1.13
2012.11.15 08:39:54.281,0.81364,0.81392,1.58,1.13
2012.11.15 08:39:58.551,0.81363,0.8139,1.35,1.73
2012.11.15 08:40:00.102,0.81364,0.81394,1.35,1.73
2012.11.15 08:40:00.442,0.81361,0.81392,1.58,1.35
2012.11.15 08:40:00.572,0.81361,0.81392,1.58,1.13
2012.11.15 08:40:00.764,0.81364,0.81393,1.35,1.50
2012.11.15 08:40:01.866,0.81364,0.81393,1.35,1.50
2012.11.15 08:40:08.570,0.81364,0.81393,1.35,1.50
2012.11.15 08:40:09.982,0.81364,0.81393,1.35,1.13
2012.11.15 08:40:10.103,0.81364,0.81392,1.35,1.88
2012.11.15 08:40:10.282,0.81361,0.81389,1.95,1.50
2012.11.15 08:40:10.530,0.81354,0.81384,1.73,1.50
2012.11.15 08:40:10.657,0.81354,0.81383,1.73,1.50
2012.11.15 08:40:10.994,0.81354,0.81385,1.73,1.50
2012.11.15 08:40:11.511,0.81354,0.81385,1.73,1.50
2012.11.15 08:40:14.411,0.81363,0.81388,1.13,1.73
2012.11.15 08:40:14.651,0.81363,0.81388,1.35,1.50
2012.11.15 08:40:16.351,0.81361,0.81388,1.35,1.50
2012.11.15 08:40:16.573,0.81361,0.81385,1.35,1.73
2012.11.15 08:40:19.108,0.81361,0.81385,1.35,1.73
2012.11.15 08:40:25.191,0.81358,0.81388,1.73,1.73
2012.11.15 08:40:57.941,0.81359,0.81392,1.35,1.35
2012.11.15 08:40:58.001,0.81359,0.81393,2.16,1.13
2012.11.15 08:41:00.067,0.81359,0.81393,2.16,1.13
2012.11.15 08:41:00.122,0.81359,0.8139,2.16,1.50
2012.11.15 08:41:00.181,0.81358,0.8139,1.73,1.73
2012.11.15 08:41:05.214,0.81359,0.8139,2.07,1.13
2012.11.15 08:41:05.687,0.81359,0.8139,2.07,1.13
2012.11.15 08:41:05.802,0.81359,0.8139,1.58,2.10
2012.11.15 08:41:08.384,0.81359,0.8139,1.58,1.73
2012.11.15 08:41:09.259,0.81361,0.81392,1.35,1.88
2012.11.15 08:41:11.657,0.81366,0.81392,1.35,1.13
2012.11.15 08:41:12.174,0.81366,0.81396,1.35,2.10
2012.11.15 08:41:13.251,0.81362,0.81392,1.58,1.73
2012.11.15 08:41:13.805,0.8136,0.81389,1.73,1.35
2012.11.15 08:41:15.594,0.81357,0.8139,1.35,1.73
2012.11.15 08:41:16.236,0.81362,0.8139,1.35,1.50
2012.11.15 08:41:16.633,0.81359,0.81389,1.35,1.73
2012.11.15 08:41:16.922,0.81363,0.81392,1.35,1.73
2012.11.15 08:41:17.554,0.81363,0.81392,1.35,1.50
2012.11.15 08:41:18.182,0.8136,0.81392,1.35,2.10
2012.11.15 08:41:26.382,0.81358,0.8139,2.10,1.73
2012.11.15 08:41:29.612,0.81357,0.81383,1.35,1.50
2012.11.15 08:41:29.733,0.81356,0.81382,1.35,1.50
2012.11.15 08:41:29.852,0.81357,0.81383,1.35,1.50
2012.11.15 08:41:30.693,0.81355,0.81384,1.35,1.50
2012.11.15 08:41:40.374,0.81356,0.81387,1.73,1.35
2012.11.15 08:41:40.761,0.81354,0.81385,1.35,1.73
2012.11.15 08:41:42.254,0.81355,0.81387,1.73,1.35
2012.11.15 08:41:42.323,0.81355,0.81387,2.10,1.35
2012.11.15 08:41:42.683,0.81356,0.81388,2.16,1.13
2012.11.15 08:41:42.961,0.81356,0.81387,1.73,1.35
2012.11.15 08:41:44.672,0.81355,0.81387,1.35,1.35
2012.11.15 08:41:44.731,0.81355,0.81384,1.35,1.73
2012.11.15 08:41:46.262,0.81355,0.81384,1.35,1.73
2012.11.15 08:41:52.881,0.81355,0.81387,2.10,2.10
2012.11.15 08:41:52.942,0.81355,0.81387,2.10,1.73
2012.11.15 08:41:53.902,0.81355,0.81389,2.10,2.10
2012.11.15 08:41:54.081,0.81357,0.81389,1.50,1.13
2012.11.15 08:41:59.857,0.81357,0.81391,1.50,1.13
2012.11.15 08:42:00.185,0.81359,0.8139,1.73,1.13
2012.11.15 08:42:02.461,0.81359,0.81393,1.35,1.35
2012.11.15 08:42:04.112,0.81361,0.81394,1.20,1.88
2012.11.15 08:42:04.701,0.81361,0.81393,1.20,1.13
2012.11.15 08:42:04.995,0.81359,0.81391,2.33,1.50
2012.11.15 08:42:09.952,0.81359,0.81388,1.58,1.50
2012.11.15 08:42:10.102,0.81359,0.81388,1.58,1.73
2012.11.15 08:42:13.933,0.81356,0.81386,1.35,1.73
2012.11.15 08:42:17.852,0.81355,0.81385,1.95,1.73
2012.11.15 08:42:19.592,0.81355,0.81387,1.95,1.73
2012.11.15 08:42:39.852,0.81357,0.81388,1.35,1.73
2012.11.15 08:42:40.031,0.81357,0.81389,1.83,1.13
2012.11.15 08:42:57.633,0.81357,0.81389,2.20,1.13
2012.11.15 08:42:58.703,0.81357,0.81389,1.73,2.10
2012.11.15 08:43:12.461,0.81355,0.81389,2.10,2.10
2012.11.15 08:43:14.753,0.81358,0.81389,1.73,1.73
2012.11.15 08:43:14.933,0.81363,0.81392,1.13,1.73
2012.11.15 08:43:15.142,0.81363,0.81395,1.35,1.73
2012.11.15 08:43:15.635,0.81363,0.81395,1.35,1.50
2012.11.15 08:43:16.144,0.81363,0.81395,1.35,1.50
2012.11.15 08:43:16.203,0.81363,0.81392,1.35,1.50
2012.11.15 08:43:16.742,0.81362,0.81394,1.35,2.10
2012.11.15 08:43:16.801,0.81363,0.81394,1.27,1.88
2012.11.15 08:43:17.111,0.81363,0.8139,1.27,1.13
2012.11.15 08:43:17.564,0.81357,0.81388,1.65,1.50
2012.11.15 08:43:17.622,0.81361,0.81388,1.27,1.50
2012.11.15 08:43:17.937,0.81358,0.8139,1.80,1.13
2012.11.15 08:43:18.075,0.81358,0.8139,1.35,1.35
2012.11.15 08:43:21.891,0.81365,0.81389,1.35,1.35
2012.11.15 08:43:22.011,0.81365,0.81398,2.34,1.73
2012.11.15 08:43:25.613,0.81365,0.81398,1.96,2.10
2012.11.15 08:43:25.733,0.81369,0.81398,1.20,1.50
2012.11.15 08:43:28.115,0.81369,0.81398,1.58,1.13
2012.11.15 08:43:35.695,0.81369,0.81398,1.58,1.13
2012.11.15 08:43:38.392,0.81369,0.81399,1.58,1.50
2012.11.15 08:43:39.442,0.81369,0.81398,1.58,1.50
2012.11.15 08:43:40.131,0.81372,0.81399,1.47,1.50
2012.11.15 08:43:40.252,0.81372,0.81401,1.47,1.13
2012.11.15 08:43:40.441,0.81372,0.814,1.47,1.50
2012.11.15 08:43:40.501,0.81371,0.814,1.35,1.50
2012.11.15 08:43:41.171,0.81371,0.81398,1.35,1.13
2012.11.15 08:43:41.232,0.81371,0.81398,1.35,1.13
2012.11.15 08:43:41.442,0.81372,0.81398,1.73,1.13
2012.11.15 08:43:43.647,0.81372,0.81398,1.73,1.13
2012.11.15 08:43:45.763,0.81372,0.81398,1.73,1.13
2012.11.15 08:43:46.483,0.81368,0.81398,1.41,1.13
2012.11.15 08:43:46.722,0.81362,0.81395,1.73,1.35
2012.11.15 08:43:46.842,0.81361,0.81389,1.35,1.73
2012.11.15 08:43:46.935,0.81361,0.81389,1.35,1.73
2012.11.15 08:43:47.142,0.81361,0.81394,2.10,1.73
2012.11.15 08:43:48.771,0.81363,0.81392,1.35,1.50
2012.11.15 08:43:49.012,0.8136,0.81392,1.35,1.73
2012.11.15 08:43:53.463,0.81363,0.81394,1.73,1.13
2012.11.15 08:43:54.053,0.81365,0.81396,1.35,1.50
2012.11.15 08:43:54.300,0.81365,0.81395,1.35,1.73
2012.11.15 08:43:55.882,0.81362,0.81394,1.35,1.58
2012.11.15 08:43:55.953,0.81362,0.81394,1.35,1.58
2012.11.15 08:44:06.852,0.81363,0.81393,1.35,1.73
2012.11.15 08:44:06.983,0.81364,0.81396,1.73,1.73
2012.11.15 08:44:08.423,0.81364,0.81395,1.35,1.73
2012.11.15 08:44:14.027,0.81364,0.81398,1.35,1.73
2012.11.15 08:44:14.143,0.81366,0.81398,1.73,1.73
2012.11.15 08:44:14.202,0.81366,0.81397,1.32,1.50
2012.11.15 08:44:14.262,0.81365,0.81395,1.73,1.13
2012.11.15 08:44:14.462,0.81362,0.81395,1.73,1.35
2012.11.15 08:44:14.809,0.81362,0.81395,1.73,1.13
2012.11.15 08:44:14.883,0.81364,0.81395,1.73,1.13
2012.11.15 08:44:26.531,0.81367,0.81399,1.35,1.50
2012.11.15 08:44:30.043,0.81366,0.81399,1.35,1.50
2012.11.15 08:44:30.162,0.81366,0.81398,1.35,1.73
2012.11.15 08:44:30.381,0.81366,0.81398,1.35,1.50
2012.11.15 08:44:30.442,0.81366,0.81398,1.35,1.50
2012.11.15 08:44:30.643,0.81367,0.81399,1.35,1.73
2012.11.15 08:44:31.234,0.81367,0.81399,1.38,1.13
2012.11.15 08:44:31.532,0.81365,0.81396,1.35,1.50
2012.11.15 08:44:31.651,0.81367,0.81398,1.73,1.35
2012.11.15 08:44:34.383,0.81367,0.81398,2.09,1.13
2012.11.15 08:44:34.562,0.81365,0.81395,1.35,1.50
2012.11.15 08:44:53.913,0.81362,0.81394,2.25,1.50
2012.11.15 08:44:55.016,0.81362,0.81395,2.25,1.88
2012.11.15 08:44:56.221,0.81364,0.81394,1.35,1.50
2012.11.15 08:44:56.282,0.81364,0.81394,1.35,1.73
2012.11.15 08:45:17.873,0.81362,0.81392,2.48,1.73
2012.11.15 08:45:17.992,0.81362,0.8139,1.73,1.73
2012.11.15 08:45:19.992,0.81362,0.81386,1.35,1.73
2012.11.15 08:45:20.882,0.81359,0.81387,1.35,1.73
2012.11.15 08:45:25.133,0.81354,0.81387,1.35,1.73
2012.11.15 08:45:25.252,0.81354,0.81382,1.35,1.73
2012.11.15 08:45:25.353,0.81354,0.81383,1.35,1.73
2012.11.15 08:45:25.532,0.81354,0.81386,1.35,1.73
2012.11.15 08:45:26.172,0.81356,0.8139,1.73,2.10
2012.11.15 08:45:26.232,0.81356,0.8139,2.16,1.88
2012.11.15 08:45:28.372,0.81358,0.81388,1.35,1.50
2012.11.15 08:45:28.432,0.81358,0.81387,1.35,1.73
2012.11.15 08:45:45.383,0.8136,0.81389,1.35,1.73
2012.11.15 08:45:45.784,0.8136,0.81391,1.35,1.13
2012.11.15 08:45:47.383,0.81358,0.8139,2.10,1.13
2012.11.15 08:45:47.513,0.81358,0.8139,2.10,1.35
2012.11.15 08:45:55.681,0.81358,0.81389,1.35,1.50
2012.11.15 08:45:55.742,0.81358,0.81389,1.35,1.50
2012.11.15 08:45:57.295,0.8136,0.81389,1.35,1.50
2012.11.15 08:45:57.683,0.8136,0.81387,1.35,1.73
2012.11.15 08:45:59.682,0.81361,0.81389,1.35,1.73
2012.11.15 08:45:59.802,0.81361,0.8139,1.35,1.50
2012.11.15 08:46:28.866,0.8136,0.81388,1.35,1.50
2012.11.15 08:46:28.923,0.8136,0.81387,1.35,1.50
2012.11.15 08:46:28.989,0.8136,0.81387,1.35,1.73
2012.11.15 08:46:29.159,0.8136,0.81388,1.35,1.73
2012.11.15 08:46:30.068,0.8136,0.8139,1.35,1.50
2012.11.15 08:46:33.233,0.81362,0.81392,1.56,1.13
2012.11.15 08:46:33.702,0.81368,0.81399,1.35,1.73
2012.11.15 08:46:33.762,0.81368,0.81399,1.35,1.50
2012.11.15 08:46:33.890,0.81366,0.81397,1.35,1.50
2012.11.15 08:46:34.012,0.81366,0.81391,1.35,1.73
2012.11.15 08:46:35.078,0.81362,0.81391,1.35,1.73
2012.11.15 08:46:37.102,0.81361,0.8139,1.35,1.13
2012.11.15 08:46:37.226,0.81361,0.81391,1.35,1.73
2012.11.15 08:46:38.422,0.81361,0.8139,1.35,1.50
2012.11.15 08:46:38.541,0.81358,0.81388,1.35,1.73
2012.11.15 08:46:40.569,0.81358,0.81388,1.35,1.73
2012.11.15 08:46:40.762,0.81361,0.8139,1.35,1.50
2012.11.15 08:46:41.262,0.81361,0.81387,1.35,1.73
2012.11.15 08:46:41.392,0.81361,0.8139,1.35,1.73
2012.11.15 08:46:41.943,0.81359,0.8139,1.35,1.50
2012.11.15 08:46:42.235,0.81359,0.8139,1.35,1.73
2012.11.15 08:46:42.362,0.81359,0.8139,1.35,1.73
2012.11.15 08:46:43.373,0.81359,0.8139,1.35,1.50
2012.11.15 08:46:51.182,0.81367,0.81392,1.73,1.35
2012.11.15 08:46:52.114,0.81361,0.81392,1.73,1.35
2012.11.15 08:46:52.484,0.81361,0.81392,1.73,1.35
2012.11.15 08:46:54.038,0.81366,0.81392,1.50,1.35
2012.11.15 08:46:54.212,0.81366,0.8139,1.73,1.13
2012.11.15 08:46:54.272,0.81366,0.8139,1.73,1.13
2012.11.15 08:46:55.984,0.81366,0.8139,1.73,1.13
2012.11.15 08:47:01.195,0.81366,0.81391,1.73,1.35
2012.11.15 08:47:11.083,0.81366,0.81392,1.73,1.35
2012.11.15 08:47:20.115,0.81362,0.81392,1.73,1.35
2012.11.15 08:47:21.118,0.81362,0.81392,1.73,1.35
2012.11.15 08:47:22.162,0.81366,0.81393,1.50,1.35
2012.11.15 08:47:22.222,0.81367,0.81393,1.73,1.35
2012.11.15 08:47:23.141,0.81367,0.81393,1.73,1.35
2012.11.15 08:47:30.342,0.81367,0.81393,1.73,1.35
2012.11.15 08:47:31.062,0.81368,0.81397,2.10,1.35
2012.11.15 08:47:31.292,0.81367,0.81397,1.73,1.35
2012.11.15 08:47:35.246,0.81367,0.81397,2.10,1.35
2012.11.15 08:47:41.082,0.81367,0.81395,1.73,1.58
2012.11.15 08:47:41.523,0.81367,0.81395,1.73,1.58
2012.11.15 08:47:45.482,0.81367,0.81395,1.73,1.58
2012.11.15 08:47:46.142,0.81367,0.81395,1.73,1.95
2012.11.15 08:47:46.202,0.81372,0.81395,1.50,1.95
2012.11.15 08:47:47.003,0.81372,0.81395,1.73,1.73
2012.11.15 08:47:48.666,0.81372,0.81395,1.73,1.73
2012.11.15 08:47:52.632,0.81372,0.81395,1.73,1.35
2012.11.15 08:47:52.692,0.81367,0.81395,1.73,1.35
2012.11.15 08:47:53.223,0.81367,0.81398,1.73,1.35
2012.11.15 08:48:01.120,0.81367,0.81398,2.55,1.35
2012.11.15 08:48:11.143,0.81367,0.81398,1.73,1.35
2012.11.15 08:48:14.728,0.81367,0.81396,1.73,1.58
2012.11.15 08:48:15.323,0.81367,0.81396,1.73,1.95
2012.11.15 08:48:15.576,0.81362,0.81393,1.73,1.35
2012.11.15 08:48:15.782,0.81362,0.81393,1.73,1.35
2012.11.15 08:48:16.613,0.81367,0.81393,1.50,1.35
2012.11.15 08:48:16.752,0.81367,0.81394,1.73,1.35
2012.11.15 08:48:17.131,0.81362,0.81394,2.10,1.35
2012.11.15 08:48:17.424,0.81362,0.81394,1.35,1.35
2012.11.15 08:48:21.147,0.81361,0.81393,3.75,1.35
2012.11.15 08:48:21.382,0.81361,0.81393,2.10,1.35
2012.11.15 08:48:21.514,0.81366,0.81392,1.73,1.35
2012.11.15 08:48:22.027,0.81366,0.81392,1.73,1.35
2012.11.15 08:48:26.567,0.81362,0.81391,1.73,1.13
2012.11.15 08:48:26.622,0.81362,0.81391,1.73,1.13
2012.11.15 08:48:27.422,0.81362,0.81392,1.73,1.35
2012.11.15 08:48:31.113,0.81362,0.81392,1.73,1.35
2012.11.15 08:48:36.413,0.81366,0.81393,1.50,1.95
2012.11.15 08:48:36.472,0.81366,0.81395,1.73,1.35
2012.11.15 08:48:41.192,0.81366,0.81393,1.73,1.35
2012.11.15 08:48:42.412,0.81372,0.81393,1.50,1.35
2012.11.15 08:48:42.692,0.81366,0.81393,1.73,1.13
2012.11.15 08:48:42.902,0.81371,0.81394,1.50,1.35
2012.11.15 08:48:43.076,0.81371,0.81394,1.73,1.13
2012.11.15 08:48:43.843,0.81371,0.81395,1.73,1.13
2012.11.15 08:48:47.092,0.81371,0.81394,1.73,1.13
2012.11.15 08:48:47.944,0.81371,0.81397,1.73,1.35
2012.11.15 08:48:48.852,0.81371,0.81394,1.73,1.13
2012.11.15 08:48:49.192,0.81366,0.81393,1.73,1.13
2012.11.15 08:48:49.393,0.81371,0.81393,1.50,1.13
2012.11.15 08:48:49.512,0.81372,0.81393,1.73,1.13
2012.11.15 08:48:50.392,0.81367,0.81393,1.73,1.13
2012.11.15 08:48:50.512,0.81367,0.81393,1.73,1.13
2012.11.15 08:48:51.142,0.81367,0.81393,1.73,1.13
2012.11.15 08:49:01.018,0.81367,0.81394,1.73,1.35
2012.11.15 08:49:11.374,0.81367,0.81394,1.73,1.35
2012.11.15 08:49:18.068,0.81367,0.81392,1.73,1.13
2012.11.15 08:49:21.037,0.81367,0.81392,1.73,1.13
2012.11.15 08:49:21.182,0.81367,0.81392,1.73,1.13
2012.11.15 08:49:41.175,0.81367,0.81393,1.73,1.13
2012.11.15 08:49:50.448,0.81365,0.81396,1.73,1.35
2012.11.15 08:49:50.966,0.81361,0.81396,2.48,1.35
2012.11.15 08:49:51.078,0.81365,0.81396,2.40,1.35
2012.11.15 08:49:52.573,0.81365,0.81396,2.40,1.35
2012.11.15 08:49:55.874,0.81365,0.81396,2.40,1.35
2012.11.15 08:49:59.175,0.81365,0.81396,2.40,1.35
2012.11.15 08:49:59.706,0.81368,0.81404,1.35,1.67
2012.11.15 08:50:00.184,0.81371,0.814,1.73,1.73
2012.11.15 08:50:01.088,0.81371,0.814,1.73,1.35
2012.11.15 08:50:05.363,0.81376,0.814,1.50,1.35
2012.11.15 08:50:10.542,0.81376,0.814,1.50,1.35
2012.11.15 08:50:10.882,0.81376,0.81394,1.50,1.13
2012.11.15 08:50:10.942,0.81376,0.81399,1.50,1.35
2012.11.15 08:50:11.122,0.81376,0.81399,1.73,1.13
2012.11.15 08:50:11.186,0.81376,0.81399,1.73,1.13
2012.11.15 08:50:16.123,0.81376,0.81399,1.73,1.13
2012.11.15 08:50:19.514,0.81376,0.81407,1.73,1.58
2012.11.15 08:50:19.573,0.8138,0.81412,1.35,1.35
2012.11.15 08:50:19.643,0.81382,0.81412,1.50,1.35
2012.11.15 08:50:19.702,0.81382,0.81412,1.50,1.35
2012.11.15 08:50:21.333,0.81383,0.81412,2.18,1.35
2012.11.15 08:50:22.576,0.81385,0.81416,1.35,1.58
2012.11.15 08:50:22.694,0.81387,0.81418,1.50,1.52
2012.11.15 08:50:22.753,0.81387,0.81418,1.50,1.52
2012.11.15 08:50:23.002,0.81385,0.81419,1.13,2.33
2012.11.15 08:50:23.076,0.81385,0.81418,1.13,1.73
2012.11.15 08:50:23.133,0.81379,0.81413,1.73,1.35
2012.11.15 08:50:23.347,0.81381,0.8141,1.50,1.35
2012.11.15 08:50:23.403,0.81381,0.8141,1.50,1.71
2012.11.15 08:50:23.762,0.81386,0.81417,1.73,1.73
2012.11.15 08:50:23.947,0.81391,0.81423,1.13,1.35
2012.11.15 08:50:24.122,0.81391,0.81423,1.88,1.35
2012.11.15 08:50:24.595,0.81391,0.81423,2.10,1.35
2012.11.15 08:50:24.944,0.81402,0.81423,1.50,1.35
2012.11.15 08:50:25.402,0.81402,0.81426,1.50,1.35
2012.11.15 08:50:25.942,0.81396,0.81424,1.73,1.35
2012.11.15 08:50:26.004,0.81396,0.81424,1.73,1.95
2012.11.15 08:50:35.122,0.81396,0.81424,1.73,1.35
2012.11.15 08:50:35.196,0.81401,0.81424,1.50,1.35
2012.11.15 08:50:35.252,0.81401,0.81424,1.73,1.13
2012.11.15 08:50:35.654,0.81398,0.81424,1.35,1.50
2012.11.15 08:50:35.714,0.81398,0.81424,1.13,1.73
2012.11.15 08:50:36.452,0.81399,0.81431,1.13,2.73
2012.11.15 08:50:36.512,0.81399,0.81431,1.35,2.10
2012.11.15 08:50:57.193,0.81399,0.81427,1.13,1.87
2012.11.15 08:50:57.253,0.81396,0.81427,1.13,1.87
2012.11.15 08:50:57.313,0.81392,0.81426,1.13,1.35
2012.11.15 08:50:57.374,0.81392,0.81426,1.13,1.35
2012.11.15 08:50:57.935,0.81392,0.81426,1.50,1.35
2012.11.15 08:50:59.312,0.81391,0.81418,1.50,1.58
2012.11.15 08:50:59.433,0.81391,0.81418,1.73,1.58
2012.11.15 08:51:00.167,0.81391,0.81421,1.73,1.35
2012.11.15 08:51:01.160,0.81394,0.81421,1.13,1.35
2012.11.15 08:51:02.080,0.81394,0.81421,1.13,1.35
2012.11.15 08:51:03.082,0.81391,0.81419,1.73,1.35
2012.11.15 08:51:03.142,0.8139,0.81418,1.35,1.58
2012.11.15 08:51:03.302,0.81388,0.81418,1.50,1.58
2012.11.15 08:51:03.613,0.81386,0.81418,1.73,1.58
2012.11.15 08:51:03.884,0.81388,0.81418,1.50,1.58
2012.11.15 08:51:04.933,0.81387,0.81418,1.13,1.58
2012.11.15 08:51:05.262,0.81391,0.81419,1.73,1.35
2012.11.15 08:51:14.654,0.81391,0.81421,1.95,1.35
2012.11.15 08:51:16.453,0.8139,0.81422,1.35,2.10
2012.11.15 08:51:16.513,0.8139,0.81422,1.35,2.10
2012.11.15 08:51:18.252,0.8139,0.81417,1.13,1.73
2012.11.15 08:51:18.577,0.81387,0.81417,1.50,1.73
2012.11.15 08:51:18.633,0.81384,0.81417,2.10,1.73
2012.11.15 08:51:19.395,0.81382,0.81414,2.10,1.35
2012.11.15 08:51:19.633,0.81387,0.81419,2.10,1.58
2012.11.15 08:51:32.107,0.81386,0.81412,1.35,2.10
2012.11.15 08:51:32.426,0.81376,0.81409,1.35,2.10
2012.11.15 08:51:33.134,0.81375,0.81405,1.73,1.35
2012.11.15 08:51:36.955,0.81376,0.81405,1.73,2.10
2012.11.15 08:51:37.064,0.81376,0.81405,1.73,2.10
2012.11.15 08:51:38.412,0.8138,0.81407,1.50,1.35
2012.11.15 08:51:38.477,0.8138,0.81407,1.73,1.35
2012.11.15 08:51:41.183,0.81382,0.8141,1.73,1.73
2012.11.15 08:51:41.612,0.8138,0.81408,1.73,1.73
2012.11.15 08:51:41.672,0.81377,0.81408,1.73,2.48
2012.11.15 08:51:41.732,0.81377,0.81408,1.50,2.48
2012.11.15 08:51:41.802,0.81377,0.81406,1.50,1.73
2012.11.15 08:51:46.963,0.81368,0.81399,2.33,1.13
2012.11.15 08:51:47.022,0.81367,0.81396,2.10,1.50
2012.11.15 08:51:47.110,0.81367,0.81396,2.10,1.73
2012.11.15 08:51:47.414,0.81366,0.81392,1.35,1.73
2012.11.15 08:51:48.371,0.81362,0.81392,1.88,1.73
2012.11.15 08:51:48.432,0.81362,0.81396,1.88,2.53
2012.11.15 08:51:48.492,0.81366,0.81396,1.50,2.16
2012.11.15 08:51:48.554,0.81366,0.81396,1.73,1.73
2012.11.15 08:51:48.624,0.81366,0.81397,1.73,1.73
2012.11.15 08:51:49.507,0.81369,0.81397,1.13,1.73
2012.11.15 08:51:49.614,0.81369,0.81397,1.13,1.73
2012.11.15 08:51:51.511,0.81369,0.81395,1.13,1.73
2012.11.15 08:51:51.604,0.81369,0.81395,1.50,1.73
2012.11.15 08:51:51.943,0.81372,0.81402,1.35,1.73
2012.11.15 08:51:52.006,0.81372,0.81399,1.13,1.73
2012.11.15 08:51:52.462,0.81374,0.81402,1.50,1.73
2012.11.15 08:51:52.722,0.81371,0.81399,1.73,1.73
2012.11.15 08:51:52.882,0.8137,0.81396,1.35,1.73
2012.11.15 08:51:52.948,0.8137,0.81396,1.13,1.73
2012.11.15 08:51:54.361,0.8137,0.81398,1.13,1.73
2012.11.15 08:51:54.422,0.81372,0.81398,1.73,1.73
2012.11.15 08:51:54.644,0.81368,0.81396,1.35,1.73
2012.11.15 08:51:54.706,0.81368,0.81396,1.13,1.73
2012.11.15 08:51:54.844,0.8137,0.81396,1.13,1.73
2012.11.15 08:51:54.973,0.81372,0.81398,1.73,1.73
2012.11.15 08:52:04.794,0.81372,0.81398,1.73,1.58
2012.11.15 08:52:05.473,0.81372,0.81403,1.73,1.95
2012.11.15 08:52:06.101,0.81372,0.81403,1.73,1.58
2012.11.15 08:52:11.112,0.81372,0.81403,1.73,2.33
2012.11.15 08:52:14.742,0.8137,0.81398,1.73,1.73
2012.11.15 08:52:14.874,0.81369,0.81398,1.35,1.73
2012.11.15 08:52:15.402,0.81366,0.81395,1.73,1.73
2012.11.15 08:52:19.632,0.81364,0.81393,1.35,1.58
2012.11.15 08:52:19.812,0.81362,0.81392,1.35,1.73
2012.11.15 08:52:23.154,0.81364,0.81392,1.50,1.73
2012.11.15 08:52:24.403,0.81366,0.81394,1.73,2.10
2012.11.15 08:52:24.523,0.81362,0.81391,1.88,1.73
2012.11.15 08:52:29.554,0.81362,0.8139,1.50,1.73
2012.11.15 08:52:29.672,0.81361,0.81389,1.73,1.73
2012.11.15 08:52:29.832,0.81357,0.81384,1.73,1.13
2012.11.15 08:52:30.012,0.81357,0.81384,1.73,1.35
2012.11.15 08:52:30.334,0.81357,0.81385,2.10,1.73
2012.11.15 08:52:30.663,0.8136,0.81385,1.35,1.50
2012.11.15 08:52:36.479,0.81367,0.81396,1.50,2.10
2012.11.15 08:52:36.544,0.8137,0.81396,1.73,2.10
2012.11.15 08:52:36.664,0.81366,0.81394,1.73,1.73
2012.11.15 08:52:36.782,0.81365,0.81393,1.73,1.73
2012.11.15 08:52:36.842,0.81365,0.81394,1.73,1.73
2012.11.15 08:52:37.143,0.81368,0.81395,1.73,1.73
2012.11.15 08:52:37.502,0.81367,0.81394,1.35,1.73
2012.11.15 08:52:38.052,0.81368,0.81396,1.73,1.73
2012.11.15 08:52:39.242,0.8137,0.81399,1.73,2.10
2012.11.15 08:52:41.603,0.81368,0.814,1.35,1.95
2012.11.15 08:52:41.952,0.81365,0.81396,1.13,1.73
2012.11.15 08:52:42.224,0.81365,0.81395,1.13,1.73
2012.11.15 08:52:43.574,0.81366,0.81393,1.50,1.35
2012.11.15 08:52:43.664,0.81366,0.81393,1.50,1.35
2012.11.15 08:52:44.423,0.81366,0.81393,1.73,1.35
2012.11.15 08:52:45.756,0.81366,0.81396,1.73,1.35
2012.11.15 08:52:46.903,0.81366,0.81393,1.50,1.35
2012.11.15 08:52:47.958,0.81362,0.81393,1.73,1.35
2012.11.15 08:52:49.503,0.81362,0.81391,1.50,1.35
2012.11.15 08:52:50.155,0.81367,0.81391,1.50,1.35
2012.11.15 08:52:50.912,0.81366,0.81391,1.73,1.13
2012.11.15 08:52:50.972,0.81366,0.81393,1.73,1.35
2012.11.15 08:52:51.633,0.81366,0.81394,1.73,1.35
2012.11.15 08:52:52.912,0.81361,0.81391,3.08,1.13
2012.11.15 08:52:52.980,0.81359,0.8139,1.13,1.73
2012.11.15 08:52:53.472,0.81361,0.81391,1.50,1.35
2012.11.15 08:52:54.914,0.81361,0.81391,1.73,1.73
2012.11.15 08:52:55.093,0.81361,0.8139,1.50,1.35
2012.11.15 08:52:55.152,0.81361,0.8139,1.50,1.35
2012.11.15 08:52:57.192,0.81365,0.81391,1.50,1.35
2012.11.15 08:52:57.985,0.81367,0.81393,1.50,1.35
2012.11.15 08:53:01.153,0.81367,0.81392,1.50,1.35
2012.11.15 08:53:06.452,0.81366,0.81392,1.50,1.35
2012.11.15 08:53:06.513,0.81366,0.81393,1.50,1.35
2012.11.15 08:53:09.113,0.81366,0.81394,1.73,1.35
2012.11.15 08:53:09.175,0.81371,0.81394,1.50,1.35
2012.11.15 08:53:09.292,0.81371,0.81394,1.73,1.13
2012.11.15 08:53:11.089,0.81371,0.81399,1.73,1.35
2012.11.15 08:53:11.253,0.81371,0.81399,1.73,2.10
2012.11.15 08:53:11.794,0.81367,0.81396,1.35,1.50
2012.11.15 08:53:11.934,0.81366,0.81396,1.73,2.10
2012.11.15 08:53:16.714,0.81366,0.81395,1.73,1.73
2012.11.15 08:53:20.403,0.81369,0.81395,1.50,2.10
2012.11.15 08:53:20.523,0.81371,0.81395,1.50,1.35
2012.11.15 08:53:23.593,0.81372,0.81399,1.50,1.35
2012.11.15 08:53:23.864,0.81375,0.81399,1.50,1.35
2012.11.15 08:53:25.123,0.81375,0.81402,1.50,1.73
2012.11.15 08:53:25.242,0.81377,0.81404,1.73,2.10
2012.11.15 08:53:29.094,0.81376,0.81404,1.73,2.10
2012.11.15 08:54:01.132,0.81376,0.81406,1.73,1.35
2012.11.15 08:54:02.643,0.81376,0.81406,1.73,1.35
2012.11.15 08:54:06.386,0.81376,0.81407,1.73,1.35
2012.11.15 08:54:09.372,0.81376,0.81408,1.73,2.48
2012.11.15 08:54:09.934,0.81381,0.81408,1.50,1.73
2012.11.15 08:54:10.053,0.81381,0.81408,1.73,1.73
2012.11.15 08:54:13.262,0.81381,0.81406,1.73,1.13
2012.11.15 08:54:13.828,0.81381,0.81409,1.73,1.95
2012.11.15 08:54:18.214,0.81377,0.81409,2.10,1.95
2012.11.15 08:54:20.904,0.81377,0.81408,1.73,1.35
2012.11.15 08:54:21.779,0.81377,0.81408,1.73,1.35
2012.11.15 08:54:31.146,0.81377,0.8141,1.73,1.35
2012.11.15 08:54:32.953,0.81377,0.81407,1.73,1.35
2012.11.15 08:54:33.013,0.81377,0.81407,1.50,2.10
2012.11.15 08:54:33.493,0.81373,0.81404,1.35,1.73
2012.11.15 08:54:34.331,0.81371,0.81404,1.73,1.67
2012.11.15 08:54:36.421,0.81372,0.81404,1.13,1.29
2012.11.15 08:54:37.250,0.81377,0.81406,1.50,1.73
2012.11.15 08:54:38.825,0.81378,0.81407,2.93,1.35
2012.11.15 08:54:38.882,0.81386,0.81409,1.50,2.07
2012.11.15 08:54:38.943,0.81386,0.8141,1.73,1.50
2012.11.15 08:54:39.213,0.81387,0.8141,1.73,1.13
2012.11.15 08:54:39.724,0.81387,0.8141,1.50,1.35
2012.11.15 08:54:39.873,0.81382,0.81413,1.73,1.73
2012.11.15 08:54:41.148,0.81382,0.81412,1.50,1.73
2012.11.15 08:54:43.133,0.81382,0.81413,1.50,1.95
2012.11.15 08:54:43.253,0.81386,0.81413,1.50,1.35
2012.11.15 08:54:43.672,0.81387,0.81419,1.13,1.58
2012.11.15 08:54:43.793,0.81392,0.81419,1.50,1.58
2012.11.15 08:54:45.868,0.81392,0.81414,1.50,1.41
2012.11.15 08:54:46.042,0.81384,0.81413,1.13,1.73
2012.11.15 08:54:46.123,0.81387,0.81414,1.50,2.16
2012.11.15 08:54:46.242,0.81391,0.81416,1.50,1.73
2012.11.15 08:54:56.693,0.81396,0.8142,1.50,1.35
2012.11.15 08:54:56.764,0.81396,0.8142,1.73,1.35
2012.11.15 08:54:56.883,0.81396,0.81423,1.50,1.73
2012.11.15 08:54:56.943,0.81392,0.81421,1.50,1.73
2012.11.15 08:54:57.653,0.81392,0.81423,1.50,1.73
2012.11.15 08:54:58.204,0.81392,0.81422,1.50,1.73
2012.11.15 08:54:58.563,0.81397,0.81423,1.50,1.58
2012.11.15 08:54:59.637,0.81397,0.81423,1.50,1.58
2012.11.15 08:54:59.693,0.81391,0.81423,1.88,1.58
2012.11.15 08:55:00.864,0.81396,0.81423,1.50,1.73
2012.11.15 08:55:01.002,0.81396,0.81427,1.73,2.48
2012.11.15 08:55:01.362,0.81395,0.81424,1.50,1.73
2012.11.15 08:55:03.673,0.81396,0.81426,1.50,1.35
2012.11.15 08:55:04.235,0.81396,0.81426,1.50,1.35
2012.11.15 08:55:07.083,0.81396,0.81425,1.50,1.35
2012.11.15 08:55:11.124,0.81396,0.81427,1.50,2.10
2012.11.15 08:55:11.684,0.81396,0.81426,1.50,1.73
2012.11.15 08:55:14.585,0.81396,0.81426,1.50,1.73
2012.11.15 08:55:15.784,0.81396,0.81425,1.50,1.73
2012.11.15 08:55:31.163,0.81397,0.81427,1.13,1.73
2012.11.15 08:55:33.655,0.81397,0.81429,1.13,1.35
2012.11.15 08:55:33.893,0.81402,0.8143,1.73,1.95
2012.11.15 08:55:33.953,0.81398,0.8143,1.35,1.95
2012.11.15 08:55:34.133,0.81401,0.8143,1.50,1.95
2012.11.15 08:55:34.923,0.81395,0.81425,1.35,1.13
2012.11.15 08:55:34.983,0.81395,0.81425,1.13,2.10
2012.11.15 08:55:35.103,0.81395,0.81423,1.13,1.73
2012.11.15 08:55:35.923,0.81396,0.81423,1.50,1.73
2012.11.15 08:55:36.116,0.81397,0.81424,1.73,1.35
2012.11.15 08:55:41.173,0.81397,0.81424,1.73,1.35
2012.11.15 08:55:41.823,0.81397,0.81426,1.73,1.35
2012.11.15 08:55:50.381,0.814,0.8143,2.18,1.73
2012.11.15 08:55:50.443,0.81406,0.8143,1.50,1.35
2012.11.15 08:55:50.564,0.81406,0.8143,1.73,1.13
2012.11.15 08:55:50.622,0.81402,0.8143,1.73,1.13
2012.11.15 08:55:50.894,0.81407,0.8143,1.73,1.13
2012.11.15 08:55:57.693,0.81402,0.81434,1.35,1.35
2012.11.15 08:55:57.814,0.81402,0.81434,1.35,1.35
2012.11.15 08:56:00.786,0.81406,0.81434,1.50,1.35
2012.11.15 08:56:00.948,0.81406,0.81434,1.73,1.35
2012.11.15 08:56:02.973,0.81401,0.81435,2.10,1.73
2012.11.15 08:56:03.573,0.81401,0.81432,2.10,1.73
2012.11.15 08:56:13.603,0.81402,0.81432,1.35,1.73
2012.11.15 08:56:18.114,0.81406,0.81432,1.50,1.73
2012.11.15 08:56:18.173,0.81406,0.81435,1.50,2.48
2012.11.15 08:56:21.030,0.81406,0.81437,1.73,1.73
2012.11.15 08:56:21.694,0.81406,0.81438,1.73,1.73
2012.11.15 08:56:22.016,0.81413,0.81439,1.73,1.35
2012.11.15 08:56:36.605,0.81407,0.81439,2.10,2.33
2012.11.15 08:56:37.127,0.81407,0.81438,1.73,1.73
2012.11.15 08:56:41.125,0.81407,0.81437,1.73,1.73
2012.11.15 08:56:42.363,0.81407,0.81438,1.73,1.35
2012.11.15 08:56:42.812,0.81413,0.81438,1.50,1.35
2012.11.15 08:56:49.635,0.81409,0.8144,1.35,1.73
2012.11.15 08:56:49.753,0.81407,0.81437,1.73,1.73
2012.11.15 08:56:49.904,0.81411,0.81437,1.50,1.73
2012.11.15 08:56:49.963,0.81414,0.8144,1.50,2.10
2012.11.15 08:56:53.693,0.81416,0.81441,1.73,1.13
2012.11.15 08:56:53.943,0.81415,0.81441,1.73,1.50
2012.11.15 08:57:23.403,0.81414,0.8144,1.50,1.73
2012.11.15 08:57:23.912,0.81416,0.81441,1.73,1.13
2012.11.15 08:57:32.384,0.81413,0.81443,1.35,1.73
2012.11.15 08:57:32.583,0.81413,0.81442,1.13,1.73
2012.11.15 08:57:35.354,0.81412,0.81442,1.73,2.10
2012.11.15 08:57:36.053,0.81412,0.81441,2.10,1.73
2012.11.15 08:57:36.915,0.81412,0.81441,1.73,2.10
2012.11.15 08:57:40.305,0.81408,0.81441,1.35,1.73
2012.11.15 08:57:40.504,0.81408,0.81438,1.13,1.73
2012.11.15 08:57:40.636,0.81408,0.81438,1.13,1.73
2012.11.15 08:57:40.694,0.81408,0.81435,1.13,1.73
2012.11.15 08:57:41.095,0.81407,0.81435,1.73,1.73
2012.11.15 08:57:41.405,0.81409,0.81435,1.50,1.73
2012.11.15 08:57:41.753,0.81407,0.81436,1.73,1.73
2012.11.15 08:57:43.133,0.81406,0.81436,1.35,1.73
2012.11.15 08:57:43.539,0.81401,0.81431,1.73,1.35
2012.11.15 08:57:43.993,0.81401,0.81429,1.50,1.73
2012.11.15 08:57:44.380,0.81401,0.81429,1.88,1.73
2012.11.15 08:57:44.684,0.81407,0.81435,1.73,1.35
2012.11.15 08:57:45.043,0.81412,0.81435,1.73,2.10
2012.11.15 08:57:45.103,0.81412,0.8144,1.73,2.10
2012.11.15 08:57:45.898,0.81413,0.8144,1.73,1.35
2012.11.15 08:57:53.423,0.81415,0.81441,1.73,1.13
2012.11.15 08:57:53.546,0.81418,0.81443,1.73,1.13
2012.11.15 08:58:01.644,0.8142,0.81449,1.73,1.35
2012.11.15 08:58:01.704,0.81427,0.8145,1.73,1.50
2012.11.15 08:58:01.764,0.81427,0.81453,1.73,1.13
2012.11.15 08:58:02.153,0.81426,0.81452,1.73,1.13
2012.11.15 08:58:02.222,0.81426,0.81452,1.50,1.35
2012.11.15 08:58:08.443,0.81422,0.81451,1.50,1.35
2012.11.15 08:58:08.840,0.81421,0.81448,1.73,1.35
2012.11.15 08:58:20.614,0.81418,0.81448,1.35,1.73
2012.11.15 08:58:21.484,0.81421,0.81448,1.50,1.73
2012.11.15 08:58:21.543,0.81421,0.81448,1.50,1.73
2012.11.15 08:58:25.574,0.81417,0.81444,1.35,1.50
2012.11.15 08:58:25.694,0.81415,0.81443,1.95,1.73
2012.11.15 08:58:25.933,0.81411,0.81441,1.88,1.73
2012.11.15 08:58:26.863,0.81411,0.81441,1.50,1.35
2012.11.15 08:58:27.545,0.81411,0.81441,1.73,1.35
2012.11.15 08:58:30.554,0.81411,0.81444,1.35,1.73
2012.11.15 08:58:30.744,0.81406,0.81438,2.10,1.73
2012.11.15 08:58:43.964,0.81402,0.81429,1.35,1.50
2012.11.15 08:58:44.084,0.81402,0.81429,1.35,1.50
2012.11.15 08:58:44.143,0.81404,0.8143,1.73,1.73
2012.11.15 08:58:44.753,0.81404,0.8143,1.73,1.50
2012.11.15 08:58:50.774,0.81405,0.81431,1.73,1.50
2012.11.15 08:59:09.390,0.81405,0.81433,2.10,1.50
2012.11.15 08:59:09.454,0.81408,0.81435,1.73,1.73
2012.11.15 08:59:12.854,0.81406,0.81435,2.10,1.50
2012.11.15 08:59:13.033,0.81406,0.81433,2.10,1.50
2012.11.15 08:59:13.455,0.81406,0.81433,2.10,1.50
2012.11.15 08:59:13.525,0.81407,0.81436,1.73,1.50
2012.11.15 08:59:19.838,0.81407,0.81439,2.10,1.73
2012.11.15 08:59:20.014,0.81413,0.81439,1.73,1.73
2012.11.15 08:59:20.073,0.81412,0.81439,1.73,1.73
2012.11.15 08:59:20.621,0.8141,0.81438,1.73,1.73
2012.11.15 08:59:27.614,0.81413,0.8144,2.10,1.73
2012.11.15 08:59:28.263,0.81414,0.8144,1.35,1.50
2012.11.15 08:59:29.905,0.81414,0.8144,1.35,1.73
2012.11.15 08:59:29.963,0.81412,0.81439,1.35,1.73
2012.11.15 08:59:30.319,0.81412,0.81441,1.35,1.50
2012.11.15 08:59:30.461,0.81412,0.81441,1.35,1.73
2012.11.15 08:59:31.913,0.81411,0.81439,1.35,1.50
2012.11.15 08:59:32.834,0.81411,0.8144,2.10,1.50
2012.11.15 08:59:53.428,0.81416,0.81448,2.38,1.13
2012.11.15 08:59:53.483,0.81419,0.81449,1.63,1.50
2012.11.15 08:59:53.826,0.81419,0.81449,1.63,1.13
2012.11.15 08:59:53.944,0.81418,0.81448,1.35,1.73
2012.11.15 08:59:58.395,0.81415,0.81446,1.73,1.13
2012.11.15 08:59:58.555,0.81414,0.81445,1.35,1.73
