2018.02.20 01:00:00.153,0.92504,0.9253,1.00,1.00
2018.02.20 01:00:01.088,0.92507,0.92532,1.00,1.00
2018.02.20 01:00:01.643,0.92511,0.92536,1.00,1.00
2018.02.20 01:00:04.184,0.92511,0.92538,1.00,1.00
2018.02.20 01:00:04.788,0.92513,0.92538,1.00,1.00
2018.02.20 01:00:09.956,0.9251,0.92537,1.00,1.00
2018.02.20 01:00:11.303,0.92511,0.92538,1.00,1.00
2018.02.20 01:00:12.542,0.9251,0.92535,1.00,1.00
2018.02.20 01:00:13.140,0.92509,0.92534,1.00,1.00
2018.02.20 01:00:17.788,0.92511,0.92536,1.00,1.00
2018.02.20 01:00:19.715,0.9251,0.92535,1.00,1.00
2018.02.20 01:00:22.507,0.92504,0.92531,1.50,1.00
2018.02.20 01:00:22.557,0.92504,0.92529,1.00,1.00
2018.02.20 01:00:23.250,0.92503,0.92528,1.00,1.00
2018.02.20 01:00:23.674,0.92503,0.9253,1.00,1.00
2018.02.20 01:00:26.470,0.92506,0.92531,1.00,1.00
2018.02.20 01:00:27.518,0.92505,0.9253,1.00,1.00
2018.02.20 01:00:27.973,0.92506,0.92532,1.00,1.00
2018.02.20 01:00:29.836,0.92504,0.92532,1.00,1.00
2018.02.20 01:00:31.849,0.92506,0.92532,1.00,1.00
2018.02.20 01:00:34.244,0.92506,0.92533,1.00,1.00
2018.02.20 01:00:34.926,0.92508,0.92533,1.00,1.00
2018.02.20 01:00:35.028,0.92506,0.92533,1.50,1.00
2018.02.20 01:00:36.593,0.92507,0.92534,1.00,1.00
2018.02.20 01:00:36.644,0.9251,0.92535,1.00,1.00
2018.02.20 01:00:36.796,0.9251,0.92537,1.00,1.00
2018.02.20 01:00:37.157,0.92509,0.92535,1.50,1.00
2018.02.20 01:00:37.208,0.9251,0.92537,1.00,1.00
2018.02.20 01:00:37.413,0.92513,0.92538,1.00,1.00
2018.02.20 01:00:39.636,0.92515,0.92539,1.00,1.00
2018.02.20 01:00:39.687,0.92513,0.92538,1.00,1.00
2018.02.20 01:00:44.314,0.92515,0.92539,1.00,1.00
2018.02.20 01:00:47.895,0.92512,0.92539,1.00,1.00
2018.02.20 01:00:48.350,0.92511,0.92537,1.50,1.00
2018.02.20 01:00:48.553,0.92509,0.92536,1.00,1.00
2018.02.20 01:00:48.654,0.92507,0.92534,2.25,1.00
2018.02.20 01:00:49.276,0.92508,0.92534,1.00,1.00
2018.02.20 01:00:49.956,0.92508,0.92536,1.00,1.00
2018.02.20 01:00:50.058,0.9251,0.92536,1.50,1.00
2018.02.20 01:00:52.364,0.9251,0.92537,1.50,1.00
2018.02.20 01:00:55.240,0.92509,0.92537,1.00,1.00
2018.02.20 01:00:55.772,0.92508,0.92536,1.00,1.00
2018.02.20 01:01:00.619,0.9251,0.92536,1.00,1.00
2018.02.20 01:01:00.816,0.92508,0.92536,1.00,1.00
2018.02.20 01:01:01.496,0.92507,0.92534,1.00,1.00
2018.02.20 01:01:01.799,0.92503,0.92529,1.00,1.00
2018.02.20 01:01:01.900,0.92501,0.92528,1.00,1.00
2018.02.20 01:01:02.330,0.92503,0.92527,1.00,1.00
2018.02.20 01:01:03.326,0.92502,0.9253,1.00,1.00
2018.02.20 01:01:03.377,0.92503,0.92527,1.00,1.00
2018.02.20 01:01:03.764,0.92503,0.92529,1.00,1.00
2018.02.20 01:01:04.270,0.92503,0.92528,1.00,1.00
2018.02.20 01:01:04.815,0.92503,0.9253,1.00,1.00
2018.02.20 01:01:08.723,0.92504,0.9253,1.00,1.00
2018.02.20 01:01:08.774,0.92503,0.92528,1.00,1.00
2018.02.20 01:01:09.334,0.92501,0.92526,1.00,1.00
2018.02.20 01:01:09.885,0.92503,0.92528,1.00,1.00
2018.02.20 01:01:13.998,0.92501,0.92526,1.00,1.00
2018.02.20 01:01:14.693,0.92502,0.92527,1.00,1.00
2018.02.20 01:01:15.580,0.92501,0.92526,1.00,1.00
2018.02.20 01:01:19.335,0.92501,0.92527,1.00,1.00
2018.02.20 01:01:19.683,0.92502,0.92529,1.00,1.00
2018.02.20 01:01:19.836,0.92502,0.92527,1.00,1.00
2018.02.20 01:01:20.534,0.925,0.92527,1.00,1.00
2018.02.20 01:01:25.380,0.92496,0.92523,2.25,1.00
2018.02.20 01:01:25.683,0.92496,0.92521,1.00,1.00
2018.02.20 01:01:30.111,0.92496,0.92523,1.00,1.00
2018.02.20 01:01:30.314,0.92498,0.92523,1.00,1.00
2018.02.20 01:01:30.980,0.92499,0.92524,1.00,1.00
2018.02.20 01:01:32.018,0.92499,0.92526,1.00,1.00
2018.02.20 01:01:34.470,0.92501,0.92528,1.00,1.00
2018.02.20 01:01:35.003,0.92501,0.92527,1.00,1.00
2018.02.20 01:01:35.155,0.92499,0.92528,1.00,1.00
2018.02.20 01:01:37.347,0.92499,0.92526,1.00,1.00
2018.02.20 01:01:44.173,0.925,0.92527,1.00,1.00
2018.02.20 01:01:44.283,0.92501,0.9253,1.00,1.00
2018.02.20 01:01:44.334,0.92503,0.9253,1.00,1.00
2018.02.20 01:01:44.492,0.92498,0.92526,1.00,1.00
2018.02.20 01:01:49.896,0.92499,0.92524,1.00,1.00
2018.02.20 01:01:50.233,0.92496,0.92521,1.00,1.00
2018.02.20 01:01:50.284,0.92494,0.92521,1.00,1.00
2018.02.20 01:01:50.385,0.92497,0.92522,1.00,1.00
2018.02.20 01:01:51.457,0.92496,0.92523,1.00,1.00
2018.02.20 01:01:53.117,0.92499,0.92523,1.00,1.00
2018.02.20 01:01:56.514,0.92497,0.92524,1.00,1.00
2018.02.20 01:01:57.149,0.92497,0.92522,1.00,1.00
2018.02.20 01:01:58.714,0.92495,0.92522,1.00,1.00
2018.02.20 01:01:58.816,0.92497,0.92524,1.00,1.00
2018.02.20 01:02:00.231,0.92499,0.92524,1.00,1.00
2018.02.20 01:02:00.562,0.92494,0.92519,1.00,1.00
2018.02.20 01:02:01.131,0.92493,0.92518,1.00,1.00
2018.02.20 01:02:04.252,0.9249,0.92519,1.50,1.00
2018.02.20 01:02:04.832,0.9249,0.92517,1.00,1.00
2018.02.20 01:02:05.506,0.92489,0.92514,1.00,1.00
2018.02.20 01:02:05.557,0.92487,0.92514,1.00,1.00
2018.02.20 01:02:05.669,0.92489,0.92516,1.00,1.00
2018.02.20 01:02:05.923,0.92489,0.92518,2.25,1.00
2018.02.20 01:02:05.974,0.92489,0.92516,1.50,1.00
2018.02.20 01:02:06.077,0.92487,0.92515,1.00,1.00
2018.02.20 01:02:07.238,0.92489,0.92516,1.00,1.00
2018.02.20 01:02:08.124,0.92488,0.92516,1.00,1.00
2018.02.20 01:02:11.660,0.92487,0.92513,1.00,1.00
2018.02.20 01:02:12.163,0.92489,0.92517,1.00,1.00
2018.02.20 01:02:16.648,0.92491,0.92517,1.00,1.00
2018.02.20 01:02:19.956,0.92489,0.92518,1.00,1.00
2018.02.20 01:02:26.495,0.9249,0.92519,1.00,1.00
2018.02.20 01:02:29.503,0.9249,0.92517,1.00,1.00
2018.02.20 01:02:30.579,0.92491,0.92518,1.00,1.00
2018.02.20 01:02:30.906,0.92489,0.92517,1.00,1.00
2018.02.20 01:02:31.862,0.92489,0.92519,1.00,1.00
2018.02.20 01:02:31.964,0.92492,0.92519,1.00,1.00
2018.02.20 01:02:32.440,0.92488,0.92515,1.00,1.00
2018.02.20 01:02:33.803,0.92487,0.92512,1.00,1.00
2018.02.20 01:02:34.106,0.92493,0.92518,1.00,1.00
2018.02.20 01:02:34.510,0.92495,0.92519,1.00,1.00
2018.02.20 01:02:35.036,0.92495,0.9252,1.00,1.00
2018.02.20 01:02:37.578,0.92494,0.92522,1.00,1.00
2018.02.20 01:02:38.291,0.92493,0.9252,1.00,1.00
2018.02.20 01:02:38.392,0.92489,0.92517,1.00,1.00
2018.02.20 01:02:39.950,0.9249,0.92518,1.00,1.00
2018.02.20 01:02:40.167,0.92489,0.92514,1.00,1.00
2018.02.20 01:02:40.466,0.9249,0.92517,1.00,1.00
2018.02.20 01:02:40.980,0.9249,0.92518,1.00,1.00
2018.02.20 01:02:49.535,0.92493,0.92518,1.00,1.00
2018.02.20 01:02:50.016,0.9249,0.92518,1.00,1.00
2018.02.20 01:02:52.657,0.9249,0.92517,1.00,1.00
2018.02.20 01:03:01.375,0.92491,0.92517,1.00,1.00
2018.02.20 01:03:01.529,0.92491,0.92519,1.00,1.00
2018.02.20 01:03:02.082,0.9249,0.92518,1.00,1.00
2018.02.20 01:03:02.133,0.92494,0.92518,1.00,1.00
2018.02.20 01:03:02.184,0.92494,0.92521,1.00,1.00
2018.02.20 01:03:02.553,0.92496,0.92521,1.00,1.00
2018.02.20 01:03:05.046,0.92496,0.92522,1.00,1.00
2018.02.20 01:03:09.285,0.92496,0.92521,1.00,1.00
2018.02.20 01:03:13.712,0.92497,0.92522,1.00,1.00
2018.02.20 01:03:27.535,0.92497,0.92524,1.00,1.00
2018.02.20 01:03:27.636,0.92501,0.92526,1.00,1.00
2018.02.20 01:03:27.687,0.92498,0.92525,1.00,1.00
2018.02.20 01:03:27.786,0.92497,0.92523,1.00,1.00
2018.02.20 01:03:28.210,0.92495,0.92525,1.00,1.00
2018.02.20 01:03:29.277,0.92494,0.92522,1.00,1.00
2018.02.20 01:03:29.911,0.92495,0.92522,1.00,1.00
2018.02.20 01:03:30.412,0.92494,0.92522,1.00,1.00
2018.02.20 01:03:30.856,0.92497,0.92523,1.00,1.00
2018.02.20 01:03:31.393,0.92495,0.92522,1.00,1.00
2018.02.20 01:03:32.135,0.92495,0.92524,1.00,1.00
2018.02.20 01:03:34.255,0.92497,0.92523,1.00,1.00
2018.02.20 01:03:34.845,0.92498,0.92524,1.00,1.00
2018.02.20 01:03:35.363,0.92497,0.92525,1.00,1.00
2018.02.20 01:03:36.256,0.92496,0.92524,1.00,1.00
2018.02.20 01:03:39.493,0.92495,0.92522,1.00,1.00
2018.02.20 01:03:40.589,0.92495,0.92524,1.00,1.00
2018.02.20 01:03:43.116,0.92496,0.92526,1.00,1.00
2018.02.20 01:03:43.797,0.92495,0.92525,1.50,1.00
2018.02.20 01:03:49.051,0.92495,0.92523,1.00,1.00
2018.02.20 01:03:50.136,0.92495,0.92521,1.00,1.00
2018.02.20 01:03:53.549,0.92497,0.92522,1.00,1.00
2018.02.20 01:03:55.996,0.92492,0.92517,1.50,1.00
2018.02.20 01:03:56.306,0.92489,0.92516,1.00,1.00
2018.02.20 01:03:56.407,0.92488,0.92512,1.00,1.00
2018.02.20 01:03:58.436,0.92488,0.92513,1.00,1.00
2018.02.20 01:03:59.243,0.9249,0.92515,1.00,1.00
2018.02.20 01:04:02.483,0.92493,0.92518,1.00,1.00
2018.02.20 01:04:03.261,0.92494,0.92519,1.00,1.00
2018.02.20 01:04:03.365,0.92492,0.92519,1.00,1.00
2018.02.20 01:04:04.300,0.92494,0.92519,1.00,1.00
2018.02.20 01:04:04.905,0.92493,0.92518,1.00,1.00
2018.02.20 01:04:05.795,0.92495,0.9252,1.00,1.00
2018.02.20 01:04:05.896,0.92495,0.92522,1.00,1.00
2018.02.20 01:04:05.948,0.92497,0.92524,1.00,1.00
2018.02.20 01:04:14.127,0.92496,0.92522,1.00,1.00
2018.02.20 01:04:15.711,0.92493,0.9252,1.00,1.00
2018.02.20 01:04:16.251,0.92494,0.9252,1.00,1.00
2018.02.20 01:04:17.718,0.92498,0.92523,1.00,1.00
2018.02.20 01:04:17.971,0.92501,0.92528,1.00,1.00
2018.02.20 01:04:18.711,0.92503,0.92528,1.00,1.00
2018.02.20 01:04:18.762,0.92504,0.92531,1.00,1.00
2018.02.20 01:04:18.863,0.92507,0.92532,1.00,1.00
2018.02.20 01:04:18.914,0.92505,0.92532,1.00,1.00
2018.02.20 01:04:18.965,0.92505,0.9253,1.00,1.00
2018.02.20 01:04:19.097,0.92507,0.92533,1.00,1.00
2018.02.20 01:04:19.148,0.92504,0.92533,1.00,1.00
2018.02.20 01:04:19.199,0.92504,0.92531,1.00,1.00
2018.02.20 01:04:19.885,0.92505,0.92532,1.00,1.00
2018.02.20 01:04:21.946,0.92504,0.92532,1.00,1.00
2018.02.20 01:04:26.457,0.92506,0.92532,1.00,1.00
2018.02.20 01:04:34.779,0.92505,0.9253,1.00,1.00
2018.02.20 01:04:35.095,0.92502,0.92529,1.00,1.00
2018.02.20 01:04:35.527,0.92504,0.92532,1.00,1.00
2018.02.20 01:04:35.820,0.92505,0.9253,1.00,1.00
2018.02.20 01:04:37.732,0.92505,0.92531,1.00,1.00
2018.02.20 01:04:38.250,0.92507,0.92532,1.00,1.00
2018.02.20 01:04:43.364,0.92504,0.92533,1.00,1.00
2018.02.20 01:04:43.957,0.92503,0.9253,1.00,1.00
2018.02.20 01:04:48.248,0.92506,0.92533,1.00,1.00
2018.02.20 01:04:49.755,0.92505,0.92532,1.00,1.00
2018.02.20 01:04:50.449,0.92505,0.9253,1.00,1.00
2018.02.20 01:04:54.413,0.92506,0.92531,1.00,1.00
2018.02.20 01:04:55.224,0.92505,0.9253,1.00,1.00
2018.02.20 01:04:56.866,0.92508,0.92533,1.00,1.00
2018.02.20 01:04:57.220,0.92506,0.92531,1.00,1.00
2018.02.20 01:04:57.768,0.92505,0.92529,1.00,1.00
2018.02.20 01:04:57.819,0.92503,0.92528,1.00,1.00
2018.02.20 01:04:57.922,0.92505,0.92531,1.00,1.00
2018.02.20 01:04:57.973,0.92507,0.92532,1.00,1.00
2018.02.20 01:04:59.066,0.92507,0.92534,1.00,1.00
2018.02.20 01:04:59.621,0.92507,0.92533,1.00,1.00
2018.02.20 01:05:00.291,0.92506,0.92533,1.00,1.00
2018.02.20 01:05:01.061,0.92505,0.9253,1.00,1.00
2018.02.20 01:05:01.585,0.92504,0.9253,1.00,1.00
2018.02.20 01:05:01.887,0.92507,0.92532,1.00,1.00
2018.02.20 01:05:02.177,0.92505,0.92532,1.00,1.00
2018.02.20 01:05:02.227,0.92508,0.92532,1.00,1.00
2018.02.20 01:05:02.792,0.92508,0.92533,1.00,1.00
2018.02.20 01:05:04.103,0.92508,0.92535,1.00,1.00
2018.02.20 01:05:04.835,0.9251,0.92535,1.00,1.00
2018.02.20 01:05:05.412,0.92508,0.92535,1.00,1.00
2018.02.20 01:05:11.252,0.92507,0.92533,1.00,1.00
2018.02.20 01:05:13.171,0.92505,0.92533,1.00,1.00
2018.02.20 01:05:13.273,0.92505,0.92531,1.00,1.00
2018.02.20 01:05:14.081,0.92504,0.92533,1.00,1.00
2018.02.20 01:05:14.132,0.92504,0.92531,1.00,1.00
2018.02.20 01:05:15.984,0.92502,0.92527,1.00,1.00
2018.02.20 01:05:16.454,0.925,0.92525,1.00,1.00
2018.02.20 01:05:17.741,0.92501,0.92526,1.00,1.00
2018.02.20 01:05:18.559,0.925,0.92524,1.00,1.00
2018.02.20 01:05:20.016,0.92498,0.92526,1.00,1.00
2018.02.20 01:05:20.561,0.92497,0.92524,1.00,1.00
2018.02.20 01:05:22.012,0.92497,0.92525,1.00,1.00
2018.02.20 01:05:22.336,0.92501,0.92525,1.00,1.00
2018.02.20 01:05:22.437,0.92501,0.92527,1.00,1.00
2018.02.20 01:05:23.963,0.925,0.92526,1.00,1.00
2018.02.20 01:05:26.408,0.92498,0.92525,1.00,1.00
2018.02.20 01:05:31.382,0.92497,0.92522,1.00,1.00
2018.02.20 01:05:31.483,0.92494,0.92521,1.00,1.00
2018.02.20 01:05:31.955,0.92497,0.92524,1.00,1.00
2018.02.20 01:05:32.260,0.9249,0.92515,2.25,1.00
2018.02.20 01:05:34.845,0.92488,0.92515,1.00,1.00
2018.02.20 01:05:35.396,0.92488,0.92516,1.00,1.00
2018.02.20 01:05:35.707,0.92488,0.92514,1.00,1.00
2018.02.20 01:05:36.210,0.92487,0.92513,1.00,1.00
2018.02.20 01:05:37.200,0.92485,0.92513,1.00,1.00
2018.02.20 01:05:50.402,0.92487,0.92513,1.00,1.00
2018.02.20 01:05:51.495,0.92484,0.92509,1.00,1.00
2018.02.20 01:05:51.820,0.92486,0.92511,1.00,1.00
2018.02.20 01:05:56.974,0.92487,0.92512,1.00,1.00
2018.02.20 01:05:57.350,0.92486,0.9251,1.00,1.00
2018.02.20 01:05:57.955,0.92487,0.92512,1.00,1.00
2018.02.20 01:06:01.402,0.92488,0.92513,1.00,1.00
2018.02.20 01:06:02.556,0.92488,0.92515,1.00,1.00
2018.02.20 01:06:03.856,0.92488,0.92512,1.00,1.00
2018.02.20 01:06:03.906,0.92486,0.92511,1.00,1.00
2018.02.20 01:06:03.957,0.92486,0.92513,1.00,1.00
2018.02.20 01:06:04.905,0.92488,0.92512,1.00,1.00
2018.02.20 01:06:05.406,0.92487,0.92511,1.00,1.00
2018.02.20 01:06:06.130,0.92487,0.92512,1.00,1.00
2018.02.20 01:06:06.524,0.92485,0.92512,1.00,1.00
2018.02.20 01:06:15.953,0.92487,0.92511,1.00,1.00
2018.02.20 01:06:19.935,0.92487,0.92512,1.00,1.00
2018.02.20 01:06:20.436,0.92486,0.92511,1.00,1.00
2018.02.20 01:06:22.595,0.92485,0.9251,1.00,1.00
2018.02.20 01:06:22.914,0.92487,0.92512,1.00,1.00
2018.02.20 01:06:22.964,0.92488,0.92515,1.00,1.00
2018.02.20 01:06:23.066,0.92488,0.92517,1.00,1.00
2018.02.20 01:06:23.116,0.92487,0.92515,1.00,1.00
2018.02.20 01:06:23.490,0.92487,0.92513,1.00,1.00
2018.02.20 01:06:23.591,0.92485,0.92515,1.00,1.00
2018.02.20 01:06:27.474,0.92484,0.92511,1.00,1.00
2018.02.20 01:06:27.777,0.92489,0.92517,1.50,1.00
2018.02.20 01:06:27.885,0.92489,0.92514,2.25,1.00
2018.02.20 01:06:30.376,0.92489,0.92516,1.00,1.00
2018.02.20 01:06:30.677,0.92488,0.92514,1.00,1.00
2018.02.20 01:06:34.965,0.92489,0.92514,1.00,1.00
2018.02.20 01:06:35.438,0.92486,0.92513,1.00,1.00
2018.02.20 01:06:39.478,0.92487,0.92515,1.00,1.00
2018.02.20 01:06:40.378,0.9249,0.92515,1.00,1.00
2018.02.20 01:06:41.908,0.9249,0.92517,1.00,1.00
2018.02.20 01:06:44.570,0.92489,0.92516,1.50,1.00
2018.02.20 01:06:45.571,0.92488,0.92513,1.00,1.00
2018.02.20 01:06:48.086,0.92486,0.92511,1.00,1.00
2018.02.20 01:06:48.449,0.92484,0.9251,1.00,1.00
2018.02.20 01:06:49.054,0.92486,0.92511,1.00,1.00
2018.02.20 01:06:49.512,0.92484,0.92509,1.00,1.00
2018.02.20 01:06:50.053,0.92486,0.92511,1.00,1.00
2018.02.20 01:06:55.524,0.92489,0.92516,1.00,1.00
2018.02.20 01:06:55.575,0.92491,0.92516,1.00,1.00
2018.02.20 01:06:55.890,0.92491,0.92518,1.00,1.00
2018.02.20 01:06:55.941,0.9249,0.92515,1.00,1.00
2018.02.20 01:06:56.338,0.92489,0.92513,1.00,1.00
2018.02.20 01:06:56.439,0.9249,0.92515,1.00,1.00
2018.02.20 01:06:57.173,0.92489,0.92517,1.00,1.00
2018.02.20 01:06:57.333,0.92488,0.92515,1.00,1.00
2018.02.20 01:06:57.755,0.92486,0.92511,1.00,1.00
2018.02.20 01:06:58.433,0.92489,0.92514,1.00,1.00
2018.02.20 01:06:58.484,0.92491,0.92518,1.50,1.00
2018.02.20 01:06:59.117,0.92491,0.92516,2.25,1.00
2018.02.20 01:06:59.168,0.92493,0.92519,1.00,1.00
2018.02.20 01:06:59.432,0.92491,0.92518,1.50,1.00
2018.02.20 01:06:59.533,0.92488,0.92513,1.00,1.00
2018.02.20 01:07:00.123,0.92488,0.92514,1.00,1.00
2018.02.20 01:07:03.347,0.9249,0.92516,1.00,1.00
2018.02.20 01:07:03.449,0.9249,0.92518,1.00,1.00
2018.02.20 01:07:03.500,0.92496,0.92524,1.00,1.00
2018.02.20 01:07:04.099,0.92497,0.92525,1.00,1.00
2018.02.20 01:07:04.468,0.92497,0.92522,1.00,1.00
2018.02.20 01:07:05.975,0.92497,0.92524,1.00,1.00
2018.02.20 01:07:06.153,0.92495,0.92522,1.50,1.00
2018.02.20 01:07:06.852,0.9249,0.92515,1.00,1.00
2018.02.20 01:07:09.839,0.92491,0.92518,1.00,1.00
2018.02.20 01:07:10.367,0.92492,0.92517,1.00,1.00
2018.02.20 01:07:10.825,0.9249,0.92518,1.00,1.00
2018.02.20 01:07:13.161,0.92494,0.9252,1.00,1.00
2018.02.20 01:07:13.476,0.92498,0.92523,1.00,1.00
2018.02.20 01:07:13.527,0.92495,0.92522,1.00,1.00
2018.02.20 01:07:14.315,0.92496,0.92523,1.00,1.00
2018.02.20 01:07:15.191,0.92495,0.92522,1.00,1.00
2018.02.20 01:07:15.293,0.92497,0.92523,1.00,1.00
2018.02.20 01:07:15.564,0.92497,0.92525,1.00,1.00
2018.02.20 01:07:15.637,0.92496,0.92523,1.00,1.00
2018.02.20 01:07:19.340,0.92493,0.92522,1.00,1.00
2018.02.20 01:07:19.392,0.92496,0.92523,1.00,1.00
2018.02.20 01:07:20.777,0.92493,0.92522,1.50,1.00
2018.02.20 01:07:20.828,0.92493,0.92517,1.50,1.00
2018.02.20 01:07:20.933,0.92491,0.92516,1.00,1.00
2018.02.20 01:07:21.502,0.9249,0.92515,1.00,1.00
2018.02.20 01:07:22.448,0.92491,0.92515,1.00,1.00
2018.02.20 01:07:26.889,0.92491,0.92518,1.00,1.00
2018.02.20 01:07:26.983,0.92493,0.92518,1.00,1.00
2018.02.20 01:07:28.321,0.92497,0.92522,1.00,1.00
2018.02.20 01:07:28.745,0.92495,0.92521,1.00,1.00
2018.02.20 01:07:28.796,0.92499,0.92524,1.00,1.00
2018.02.20 01:07:30.035,0.92498,0.92523,1.00,1.00
2018.02.20 01:07:30.454,0.92501,0.92527,1.00,1.00
2018.02.20 01:07:30.977,0.925,0.92527,1.00,1.00
2018.02.20 01:07:31.837,0.92503,0.92528,1.00,1.00
2018.02.20 01:07:32.668,0.92504,0.92529,1.00,1.00
2018.02.20 01:07:32.977,0.92503,0.92527,1.00,1.00
2018.02.20 01:07:33.315,0.92499,0.92528,1.00,1.00
2018.02.20 01:07:35.586,0.92499,0.92526,1.00,1.00
2018.02.20 01:07:36.552,0.92499,0.92528,1.00,1.00
2018.02.20 01:07:46.455,0.925,0.92526,1.00,1.00
2018.02.20 01:07:50.115,0.92499,0.92526,1.00,1.00
2018.02.20 01:07:50.609,0.92502,0.92527,1.00,1.00
2018.02.20 01:07:52.133,0.92501,0.92527,1.00,1.00
2018.02.20 01:07:52.550,0.925,0.92525,1.00,1.00
2018.02.20 01:07:54.268,0.92501,0.92526,1.00,1.00
2018.02.20 01:07:55.201,0.92502,0.92527,1.00,1.00
2018.02.20 01:07:55.355,0.92502,0.92529,1.00,1.00
2018.02.20 01:07:55.608,0.92502,0.92527,1.00,1.00
2018.02.20 01:07:55.796,0.925,0.92527,1.00,1.00
2018.02.20 01:07:56.307,0.925,0.92528,1.00,1.00
2018.02.20 01:07:57.305,0.92499,0.92528,1.00,1.00
2018.02.20 01:07:57.506,0.92501,0.92528,1.00,1.00
2018.02.20 01:07:57.846,0.92499,0.92526,1.00,1.00
2018.02.20 01:07:58.347,0.925,0.92527,1.00,1.00
2018.02.20 01:07:59.403,0.92501,0.92528,1.00,1.00
2018.02.20 01:07:59.927,0.925,0.92527,1.00,1.00
2018.02.20 01:08:00.447,0.92502,0.92527,1.00,1.00
2018.02.20 01:08:00.901,0.92499,0.92528,1.00,1.00
2018.02.20 01:08:01.584,0.925,0.92528,1.00,1.00
2018.02.20 01:08:01.960,0.92501,0.92526,1.00,1.00
2018.02.20 01:08:02.011,0.92501,0.92528,1.00,1.00
2018.02.20 01:08:02.164,0.925,0.92525,1.00,1.00
2018.02.20 01:08:02.397,0.92495,0.92522,1.00,1.00
2018.02.20 01:08:02.448,0.92495,0.92519,1.00,1.00
2018.02.20 01:08:03.270,0.92494,0.92519,1.00,1.00
2018.02.20 01:08:03.474,0.92494,0.92523,1.00,1.00
2018.02.20 01:08:04.099,0.92495,0.92523,1.00,1.00
2018.02.20 01:08:04.712,0.92496,0.92522,1.00,1.00
2018.02.20 01:08:05.151,0.92495,0.92524,1.50,1.00
2018.02.20 01:08:05.699,0.92495,0.92518,1.00,1.00
2018.02.20 01:08:05.851,0.92492,0.92519,1.00,1.00
2018.02.20 01:08:11.467,0.9249,0.92518,1.00,1.00
2018.02.20 01:08:12.075,0.92492,0.9252,1.00,1.00
2018.02.20 01:08:13.874,0.92495,0.92521,1.00,1.00
2018.02.20 01:08:13.925,0.92497,0.92524,1.50,1.00
2018.02.20 01:08:14.576,0.92499,0.92525,1.00,1.00
2018.02.20 01:08:15.452,0.92499,0.92526,2.25,1.00
2018.02.20 01:08:19.288,0.925,0.92524,1.00,1.00
2018.02.20 01:08:20.121,0.92499,0.92524,1.00,1.00
2018.02.20 01:08:21.383,0.92497,0.92522,1.00,1.00
2018.02.20 01:08:21.434,0.92497,0.92524,1.00,1.00
2018.02.20 01:08:21.485,0.92496,0.92522,2.25,1.00
2018.02.20 01:08:21.789,0.92498,0.92523,1.50,1.00
2018.02.20 01:08:22.385,0.92497,0.92522,2.25,1.00
2018.02.20 01:08:23.218,0.92498,0.92521,1.00,1.00
2018.02.20 01:08:24.767,0.92498,0.92523,1.50,1.00
2018.02.20 01:08:24.868,0.92497,0.92521,1.00,1.00
2018.02.20 01:08:24.919,0.92495,0.92521,1.50,1.00
2018.02.20 01:08:28.628,0.92498,0.92522,1.00,1.00
2018.02.20 01:08:28.961,0.925,0.92524,1.00,1.00
2018.02.20 01:08:32.044,0.92498,0.92524,1.00,1.00
2018.02.20 01:08:35.684,0.92498,0.92523,1.00,1.00
2018.02.20 01:08:36.146,0.92498,0.92525,2.25,1.00
2018.02.20 01:08:36.197,0.92502,0.92527,1.00,1.00
2018.02.20 01:08:36.298,0.92502,0.9253,1.00,1.00
2018.02.20 01:08:37.313,0.92501,0.92528,1.00,1.00
2018.02.20 01:08:38.510,0.92502,0.92529,1.00,1.00
2018.02.20 01:08:43.586,0.925,0.92529,1.00,1.00
2018.02.20 01:08:45.915,0.92501,0.92526,1.00,1.00
2018.02.20 01:08:46.435,0.925,0.92525,1.00,1.00
2018.02.20 01:08:50.235,0.92499,0.92525,1.00,1.00
2018.02.20 01:08:50.540,0.92504,0.92529,1.00,1.00
2018.02.20 01:08:52.783,0.92504,0.92531,1.00,1.00
2018.02.20 01:08:52.884,0.92504,0.92529,1.00,1.00
2018.02.20 01:08:53.155,0.92506,0.92533,1.00,1.00
2018.02.20 01:08:53.307,0.92508,0.92533,1.00,1.00
2018.02.20 01:08:54.808,0.92506,0.92532,1.00,1.00
2018.02.20 01:08:54.909,0.92504,0.92532,1.00,1.00
2018.02.20 01:08:56.957,0.92504,0.92531,1.00,1.00
2018.02.20 01:08:58.869,0.92505,0.92532,1.00,1.00
2018.02.20 01:09:00.574,0.92508,0.92533,1.00,1.00
2018.02.20 01:09:00.739,0.92508,0.92535,1.00,1.00
2018.02.20 01:09:00.797,0.9251,0.92535,1.00,1.00
2018.02.20 01:09:01.807,0.92511,0.92537,1.00,1.00
2018.02.20 01:09:03.368,0.92507,0.92532,1.00,1.00
2018.02.20 01:09:03.419,0.92503,0.9253,1.50,1.00
2018.02.20 01:09:03.522,0.925,0.92527,1.00,1.00
2018.02.20 01:09:03.839,0.92503,0.92528,1.00,1.00
2018.02.20 01:09:03.991,0.925,0.92527,1.00,1.00
2018.02.20 01:09:05.766,0.925,0.92525,1.00,1.00
2018.02.20 01:09:07.429,0.92501,0.92525,1.00,1.00
2018.02.20 01:09:07.713,0.92499,0.92526,1.00,1.00
2018.02.20 01:09:20.297,0.92499,0.92525,1.00,1.00
2018.02.20 01:09:20.796,0.92497,0.92524,1.00,1.00
2018.02.20 01:09:22.112,0.92498,0.92525,1.00,1.00
2018.02.20 01:09:22.163,0.92498,0.92523,1.00,1.00
2018.02.20 01:09:22.283,0.92495,0.92524,1.00,1.00
2018.02.20 01:09:22.334,0.92494,0.92518,1.00,1.00
2018.02.20 01:09:22.385,0.92489,0.92516,1.50,1.00
2018.02.20 01:09:22.689,0.92488,0.92513,1.00,1.00
2018.02.20 01:09:22.943,0.9249,0.92517,1.00,1.00
2018.02.20 01:09:25.411,0.92494,0.92519,1.00,1.00
2018.02.20 01:09:25.827,0.92492,0.92517,1.00,1.00
2018.02.20 01:09:33.449,0.92493,0.92518,1.00,1.00
2018.02.20 01:09:34.629,0.92491,0.92518,1.00,1.00
2018.02.20 01:09:34.681,0.92491,0.92516,1.00,1.00
2018.02.20 01:09:35.360,0.9249,0.92515,1.00,1.00
2018.02.20 01:09:35.885,0.92489,0.92514,1.00,1.00
2018.02.20 01:09:37.117,0.9249,0.92515,1.00,1.00
2018.02.20 01:09:43.082,0.92491,0.92516,1.00,1.00
2018.02.20 01:09:44.087,0.9249,0.92515,1.00,1.00
2018.02.20 01:09:45.036,0.9249,0.92516,1.00,1.00
2018.02.20 01:09:47.764,0.92493,0.92518,1.00,1.50
2018.02.20 01:09:50.355,0.92494,0.92518,1.00,1.00
2018.02.20 01:09:50.857,0.92493,0.92518,1.00,1.00
2018.02.20 01:10:05.886,0.92494,0.92518,1.00,1.00
2018.02.20 01:10:06.126,0.92492,0.92519,1.00,1.00
2018.02.20 01:10:11.053,0.92491,0.92518,1.00,1.00
2018.02.20 01:10:11.435,0.92493,0.92519,1.00,1.00
2018.02.20 01:10:16.603,0.92489,0.92516,1.00,1.00
2018.02.20 01:10:17.961,0.92493,0.92518,1.00,1.00
2018.02.20 01:10:18.288,0.92497,0.92522,1.00,1.00
2018.02.20 01:10:19.140,0.92497,0.92523,1.00,1.00
2018.02.20 01:10:20.415,0.92497,0.92522,1.00,1.00
2018.02.20 01:10:20.916,0.92496,0.92521,1.00,1.00
2018.02.20 01:10:21.226,0.92494,0.92519,1.00,1.00
2018.02.20 01:10:21.276,0.92492,0.92519,1.00,1.00
2018.02.20 01:10:25.664,0.92494,0.92519,1.00,1.00
2018.02.20 01:10:25.715,0.92495,0.92522,1.00,1.00
2018.02.20 01:10:29.300,0.92496,0.92523,1.00,1.00
2018.02.20 01:10:29.820,0.92493,0.92519,1.00,1.00
2018.02.20 01:10:31.183,0.92492,0.92517,1.00,1.00
2018.02.20 01:10:31.658,0.92488,0.92513,1.00,1.00
2018.02.20 01:10:31.840,0.92485,0.92512,1.00,1.00
2018.02.20 01:10:33.824,0.92488,0.92513,1.00,1.00
2018.02.20 01:10:35.398,0.92487,0.92512,1.00,1.00
2018.02.20 01:10:35.947,0.92486,0.92511,1.00,1.00
2018.02.20 01:10:36.482,0.92485,0.9251,1.00,1.00
2018.02.20 01:10:36.584,0.92485,0.92512,1.00,1.00
2018.02.20 01:10:37.402,0.92486,0.92513,1.00,1.00
2018.02.20 01:10:37.504,0.92485,0.9251,1.00,1.00
2018.02.20 01:10:38.121,0.92484,0.92509,1.00,1.00
2018.02.20 01:10:38.385,0.92487,0.92513,1.00,1.00
2018.02.20 01:10:39.236,0.92486,0.92511,1.00,1.00
2018.02.20 01:10:39.767,0.92486,0.92512,1.00,1.00
2018.02.20 01:10:40.629,0.92485,0.92512,1.00,1.00
2018.02.20 01:10:41.148,0.92487,0.92512,1.00,1.00
2018.02.20 01:10:41.199,0.92487,0.92514,1.00,1.00
2018.02.20 01:10:41.767,0.92487,0.92515,1.00,1.00
2018.02.20 01:10:44.119,0.92488,0.92516,1.00,1.00
2018.02.20 01:10:45.103,0.92488,0.92513,1.00,1.00
2018.02.20 01:10:46.000,0.92488,0.92515,1.00,1.00
2018.02.20 01:10:46.725,0.92488,0.92513,1.00,1.00
2018.02.20 01:10:47.340,0.92489,0.92514,1.00,1.00
2018.02.20 01:10:48.000,0.92489,0.92515,1.00,1.00
2018.02.20 01:10:50.976,0.92488,0.92515,1.00,1.00
2018.02.20 01:10:51.291,0.9249,0.92515,1.00,1.00
2018.02.20 01:10:53.625,0.9249,0.92514,1.00,1.00
2018.02.20 01:10:53.676,0.92491,0.92518,1.00,1.00
2018.02.20 01:10:56.238,0.92489,0.92516,1.00,1.00
2018.02.20 01:10:58.591,0.9249,0.92517,1.00,1.00
2018.02.20 01:11:00.632,0.92494,0.92519,1.00,1.00
2018.02.20 01:11:00.737,0.92491,0.92518,1.00,1.00
2018.02.20 01:11:00.889,0.92494,0.92519,1.00,1.00
2018.02.20 01:11:05.505,0.92492,0.92519,1.00,1.00
2018.02.20 01:11:05.783,0.92495,0.92519,1.00,1.00
2018.02.20 01:11:05.935,0.92493,0.92519,1.00,1.00
2018.02.20 01:11:06.597,0.92494,0.9252,1.00,1.00
2018.02.20 01:11:07.327,0.92495,0.9252,1.00,1.00
2018.02.20 01:11:08.504,0.92494,0.9252,1.00,1.00
2018.02.20 01:11:10.660,0.92496,0.92521,1.00,1.00
2018.02.20 01:11:13.446,0.92497,0.92522,1.00,1.00
2018.02.20 01:11:17.693,0.92496,0.92521,1.00,1.00
2018.02.20 01:11:20.535,0.92495,0.92523,1.00,1.00
2018.02.20 01:11:21.036,0.92497,0.92522,1.00,1.00
2018.02.20 01:11:22.919,0.92495,0.92521,1.00,1.00
2018.02.20 01:11:23.761,0.92496,0.92522,1.00,1.00
2018.02.20 01:11:24.637,0.92495,0.92521,1.00,1.00
2018.02.20 01:11:24.790,0.92497,0.92522,1.00,1.00
2018.02.20 01:11:28.979,0.92498,0.92523,1.00,1.00
2018.02.20 01:11:29.280,0.92502,0.92529,1.00,1.00
2018.02.20 01:11:29.612,0.925,0.92524,1.50,1.00
2018.02.20 01:11:29.664,0.92498,0.92524,1.00,1.00
2018.02.20 01:11:30.798,0.92499,0.92523,1.00,1.00
2018.02.20 01:11:31.720,0.92498,0.92523,1.00,1.00
2018.02.20 01:11:33.479,0.92495,0.92522,1.00,1.00
2018.02.20 01:11:33.530,0.92496,0.9252,1.00,1.00
2018.02.20 01:11:33.879,0.92498,0.92522,1.00,1.00
2018.02.20 01:11:34.331,0.92495,0.92522,1.00,1.00
2018.02.20 01:11:34.432,0.92495,0.92519,1.00,1.00
2018.02.20 01:11:34.547,0.92493,0.9252,1.00,1.00
2018.02.20 01:11:37.440,0.92492,0.92521,1.00,1.00
2018.02.20 01:11:38.355,0.92495,0.9252,1.00,1.00
2018.02.20 01:11:38.456,0.92493,0.92521,1.00,1.00
2018.02.20 01:11:39.353,0.92491,0.92519,1.00,1.00
2018.02.20 01:11:39.887,0.92489,0.92517,1.00,1.00
2018.02.20 01:11:41.423,0.92488,0.92516,1.00,1.00
2018.02.20 01:11:43.994,0.9249,0.92515,1.00,1.00
2018.02.20 01:11:46.585,0.92488,0.92515,1.00,1.00
2018.02.20 01:11:46.686,0.92483,0.92508,1.50,1.00
2018.02.20 01:11:47.034,0.9248,0.92507,1.00,1.00
2018.02.20 01:11:47.267,0.92482,0.92507,1.00,1.00
2018.02.20 01:11:47.368,0.9248,0.92508,1.00,1.00
2018.02.20 01:11:47.419,0.92483,0.92507,1.00,1.00
2018.02.20 01:11:48.373,0.92484,0.92509,1.00,1.00
2018.02.20 01:11:50.692,0.92484,0.9251,1.00,1.00
2018.02.20 01:11:51.502,0.92484,0.92509,1.00,1.00
2018.02.20 01:11:52.609,0.92482,0.92509,1.00,1.00
2018.02.20 01:11:55.253,0.9248,0.92505,1.00,1.00
2018.02.20 01:11:56.053,0.92481,0.92506,1.00,1.00
2018.02.20 01:11:56.795,0.92482,0.92509,1.00,1.00
2018.02.20 01:11:56.846,0.92485,0.9251,1.00,1.00
2018.02.20 01:11:57.197,0.92484,0.92508,1.00,1.00
2018.02.20 01:11:57.299,0.92482,0.92508,1.00,1.00
2018.02.20 01:11:57.350,0.92487,0.92512,1.00,1.00
2018.02.20 01:11:57.559,0.92488,0.92514,1.00,1.00
2018.02.20 01:11:58.506,0.92486,0.92515,1.00,1.00
2018.02.20 01:11:58.633,0.92486,0.92513,1.00,1.00
2018.02.20 01:11:58.937,0.92484,0.92509,1.00,1.00
2018.02.20 01:11:59.090,0.92485,0.92514,1.00,1.00
2018.02.20 01:11:59.306,0.92487,0.92512,1.00,1.00
2018.02.20 01:12:00.358,0.92484,0.92513,1.00,1.00
2018.02.20 01:12:00.512,0.92484,0.92509,1.00,1.00
2018.02.20 01:12:01.061,0.92484,0.92511,1.00,1.00
2018.02.20 01:12:01.499,0.92485,0.92513,1.00,1.00
2018.02.20 01:12:02.125,0.92488,0.92514,1.00,1.00
2018.02.20 01:12:03.770,0.92489,0.92514,1.00,1.00
2018.02.20 01:12:05.035,0.92489,0.92516,1.50,1.00
2018.02.20 01:12:05.626,0.92491,0.92516,1.00,1.00
2018.02.20 01:12:05.677,0.92491,0.92518,1.00,1.00
2018.02.20 01:12:05.778,0.9249,0.92515,1.00,1.00
2018.02.20 01:12:06.312,0.92486,0.92513,1.00,1.00
2018.02.20 01:12:08.928,0.92485,0.92513,1.00,1.00
2018.02.20 01:12:09.080,0.92482,0.92512,1.50,1.00
2018.02.20 01:12:09.131,0.92484,0.92511,1.00,1.00
2018.02.20 01:12:09.232,0.92482,0.92511,1.50,1.00
2018.02.20 01:12:09.866,0.92483,0.92512,1.00,1.00
2018.02.20 01:12:10.439,0.92482,0.9251,1.50,1.00
2018.02.20 01:12:11.756,0.92482,0.92509,1.50,1.00
2018.02.20 01:12:12.059,0.92481,0.92506,1.00,1.00
2018.02.20 01:12:14.809,0.9248,0.92505,1.00,1.00
2018.02.20 01:12:20.131,0.9248,0.92507,1.00,1.00
2018.02.20 01:12:20.458,0.9248,0.92505,1.00,1.00
2018.02.20 01:12:21.157,0.92479,0.92504,1.00,1.00
2018.02.20 01:12:21.806,0.9248,0.92505,1.00,1.00
2018.02.20 01:12:22.530,0.92481,0.92505,1.00,1.00
2018.02.20 01:12:23.512,0.92479,0.92504,1.00,1.00
2018.02.20 01:12:23.562,0.92481,0.92506,1.00,1.00
2018.02.20 01:12:23.664,0.92484,0.92511,1.00,1.00
2018.02.20 01:12:23.715,0.92478,0.92503,1.50,1.00
2018.02.20 01:12:24.034,0.92485,0.9251,1.00,1.00
2018.02.20 01:12:25.534,0.92481,0.92508,1.00,1.00
2018.02.20 01:12:25.585,0.92479,0.92505,1.50,1.00
2018.02.20 01:12:25.952,0.92476,0.92501,1.00,1.00
2018.02.20 01:12:26.003,0.92476,0.92504,1.00,1.00
2018.02.20 01:12:26.104,0.92475,0.92502,1.00,1.00
2018.02.20 01:12:26.410,0.92475,0.925,1.00,1.00
2018.02.20 01:12:27.731,0.9248,0.92505,1.00,1.00
2018.02.20 01:12:27.933,0.92476,0.92505,1.50,1.00
2018.02.20 01:12:27.984,0.92479,0.92506,1.00,1.00
2018.02.20 01:12:28.360,0.92482,0.92507,1.00,1.00
2018.02.20 01:12:28.722,0.92484,0.92509,1.00,1.00
2018.02.20 01:12:29.094,0.92482,0.92507,1.00,1.00
2018.02.20 01:12:29.685,0.92482,0.92509,1.00,1.00
2018.02.20 01:12:29.989,0.92479,0.92508,1.50,1.00
2018.02.20 01:12:30.091,0.92481,0.92508,1.00,1.00
2018.02.20 01:12:31.037,0.9248,0.92507,1.00,1.00
2018.02.20 01:12:31.542,0.92479,0.92508,1.00,1.00
2018.02.20 01:12:35.388,0.92482,0.92507,1.00,1.00
2018.02.20 01:12:35.942,0.92483,0.92508,1.00,1.00
2018.02.20 01:12:36.496,0.92484,0.92511,1.00,1.00
2018.02.20 01:12:36.598,0.92486,0.92511,1.00,1.00
2018.02.20 01:12:36.835,0.92486,0.92513,1.00,1.00
2018.02.20 01:12:37.909,0.92489,0.92513,1.00,1.00
2018.02.20 01:12:39.296,0.92491,0.9252,1.12,1.50
2018.02.20 01:12:39.347,0.92501,0.92522,1.00,1.00
2018.02.20 01:12:39.449,0.925,0.92525,1.00,1.00
2018.02.20 01:12:39.557,0.92497,0.92524,1.00,1.00
2018.02.20 01:12:39.608,0.92495,0.92522,1.00,1.00
2018.02.20 01:12:39.914,0.92497,0.92522,1.00,1.00
2018.02.20 01:12:41.052,0.92495,0.92521,1.00,1.00
2018.02.20 01:12:41.103,0.92495,0.92519,1.00,1.00
2018.02.20 01:12:43.613,0.92492,0.92518,1.00,1.00
2018.02.20 01:12:44.043,0.92493,0.9252,1.00,1.00
2018.02.20 01:12:46.582,0.92494,0.92521,1.00,1.00
2018.02.20 01:12:51.216,0.92495,0.92522,1.00,1.00
2018.02.20 01:12:51.415,0.925,0.92525,1.00,1.00
2018.02.20 01:12:51.516,0.92503,0.9253,1.00,1.00
2018.02.20 01:12:52.069,0.92503,0.92528,1.00,1.00
2018.02.20 01:12:53.074,0.925,0.92526,1.00,1.00
2018.02.20 01:12:53.125,0.92502,0.92527,1.00,1.00
2018.02.20 01:12:53.176,0.92502,0.92529,1.00,1.00
2018.02.20 01:12:53.227,0.925,0.92525,1.00,1.00
2018.02.20 01:12:53.530,0.92499,0.92523,1.00,1.00
2018.02.20 01:12:54.847,0.92496,0.92523,1.00,1.00
2018.02.20 01:12:55.316,0.92499,0.92526,1.00,1.00
2018.02.20 01:12:56.445,0.925,0.92525,1.00,1.00
2018.02.20 01:12:58.039,0.92501,0.92526,1.00,1.00
2018.02.20 01:13:00.963,0.92499,0.92525,1.00,1.00
2018.02.20 01:13:01.290,0.92499,0.92527,1.00,1.00
2018.02.20 01:13:01.811,0.92497,0.92523,1.00,1.00
2018.02.20 01:13:02.113,0.92493,0.92518,1.00,1.00
2018.02.20 01:13:04.576,0.92495,0.92522,1.00,1.00
2018.02.20 01:13:04.677,0.92497,0.92522,1.00,1.00
2018.02.20 01:13:04.779,0.92495,0.92522,1.00,1.00
2018.02.20 01:13:05.626,0.92498,0.92523,1.00,1.00
2018.02.20 01:13:05.930,0.92496,0.92521,1.50,1.00
2018.02.20 01:13:06.031,0.92497,0.92524,1.00,1.00
2018.02.20 01:13:06.569,0.92496,0.92523,1.50,1.00
2018.02.20 01:13:08.082,0.92496,0.92525,1.50,1.00
2018.02.20 01:13:09.801,0.92496,0.92523,2.25,1.00
2018.02.20 01:13:11.030,0.92498,0.92524,1.00,1.00
2018.02.20 01:13:12.707,0.92498,0.92522,1.00,1.00
2018.02.20 01:13:16.029,0.92496,0.92522,1.00,1.00
2018.02.20 01:13:16.899,0.92499,0.92522,1.00,1.00
2018.02.20 01:13:17.265,0.92499,0.92524,1.00,1.00
2018.02.20 01:13:17.811,0.925,0.92524,1.00,1.00
2018.02.20 01:13:20.775,0.925,0.92525,1.00,1.00
2018.02.20 01:13:21.346,0.925,0.92527,1.00,1.00
2018.02.20 01:13:26.014,0.92502,0.92529,1.00,1.00
2018.02.20 01:13:26.895,0.92504,0.92528,1.00,1.00
2018.02.20 01:13:27.491,0.92506,0.9253,1.00,1.00
2018.02.20 01:13:31.496,0.92508,0.92532,1.00,1.00
2018.02.20 01:13:31.598,0.92516,0.92542,1.00,1.50
2018.02.20 01:13:32.300,0.92515,0.92541,1.00,1.00
2018.02.20 01:13:35.805,0.92516,0.92541,1.00,1.00
2018.02.20 01:13:40.429,0.92516,0.92539,1.00,1.00
2018.02.20 01:13:41.961,0.92516,0.9254,1.00,1.00
2018.02.20 01:13:42.658,0.92516,0.92541,1.00,1.00
2018.02.20 01:13:48.025,0.92517,0.92541,1.00,1.00
2018.02.20 01:13:51.337,0.92515,0.92541,1.00,1.00
2018.02.20 01:13:59.138,0.92515,0.92539,1.00,1.00
2018.02.20 01:14:05.086,0.92519,0.92543,1.00,1.00
2018.02.20 01:14:05.137,0.92522,0.92547,1.00,1.50
2018.02.20 01:14:05.404,0.9252,0.92546,1.00,1.00
2018.02.20 01:14:05.506,0.9252,0.92544,1.00,1.00
2018.02.20 01:14:05.558,0.92516,0.92543,1.00,1.00
2018.02.20 01:14:05.610,0.92515,0.92539,1.00,1.00
2018.02.20 01:14:06.156,0.92514,0.92539,1.00,1.00
2018.02.20 01:14:06.749,0.92513,0.92538,1.00,1.00
2018.02.20 01:14:06.850,0.9252,0.92546,1.00,1.00
2018.02.20 01:14:06.901,0.92518,0.92543,1.00,1.00
2018.02.20 01:14:06.951,0.92516,0.92542,1.00,1.00
2018.02.20 01:14:07.052,0.92517,0.9254,1.00,1.00
2018.02.20 01:14:07.153,0.92514,0.92538,1.00,1.00
2018.02.20 01:14:07.789,0.92513,0.92539,1.00,1.00
2018.02.20 01:14:15.110,0.92515,0.92539,1.00,1.00
2018.02.20 01:14:16.519,0.92515,0.9254,1.00,1.00
2018.02.20 01:14:17.046,0.92516,0.92539,1.00,1.00
2018.02.20 01:14:20.896,0.92515,0.92539,1.00,1.00
2018.02.20 01:14:21.242,0.9251,0.92536,1.00,1.00
2018.02.20 01:14:21.292,0.9251,0.92533,1.00,1.00
2018.02.20 01:14:21.343,0.9251,0.92536,1.00,1.00
2018.02.20 01:14:21.494,0.92512,0.92536,1.00,1.00
2018.02.20 01:14:21.595,0.92513,0.92539,1.00,1.00
2018.02.20 01:14:21.696,0.92515,0.9254,1.00,1.00
2018.02.20 01:14:22.202,0.92516,0.9254,1.00,1.00
2018.02.20 01:14:23.182,0.92516,0.92539,1.00,1.00
2018.02.20 01:14:28.303,0.92517,0.92541,1.00,1.00
2018.02.20 01:14:28.659,0.92514,0.9254,1.00,1.00
2018.02.20 01:14:30.550,0.92514,0.92537,1.00,1.00
2018.02.20 01:14:30.702,0.92511,0.92537,1.00,1.00
2018.02.20 01:14:30.803,0.92509,0.92533,1.00,1.00
2018.02.20 01:14:31.111,0.92504,0.92528,1.00,1.00
2018.02.20 01:14:31.212,0.92502,0.92528,1.00,1.00
2018.02.20 01:14:31.263,0.92504,0.9253,1.00,1.00
2018.02.20 01:14:31.579,0.92501,0.92526,1.00,1.00
2018.02.20 01:14:35.925,0.925,0.92526,1.00,1.00
2018.02.20 01:14:35.976,0.92501,0.92528,1.00,1.00
2018.02.20 01:14:36.426,0.92502,0.92526,1.00,1.00
2018.02.20 01:14:36.710,0.92506,0.92531,1.00,1.00
2018.02.20 01:14:36.910,0.92508,0.92532,1.00,1.00
2018.02.20 01:14:38.399,0.92508,0.92534,1.00,1.00
2018.02.20 01:14:39.855,0.92506,0.92532,1.00,1.00
2018.02.20 01:14:40.206,0.9251,0.92534,1.00,1.00
2018.02.20 01:14:40.308,0.92508,0.92534,1.00,1.00
2018.02.20 01:14:41.116,0.92508,0.92531,1.00,1.00
2018.02.20 01:14:43.131,0.92506,0.9253,1.00,1.00
2018.02.20 01:14:43.182,0.92504,0.92528,1.00,1.00
2018.02.20 01:14:43.822,0.92506,0.9253,1.00,1.00
2018.02.20 01:14:48.613,0.92507,0.92533,1.00,1.00
2018.02.20 01:14:48.664,0.9251,0.92533,1.00,1.00
2018.02.20 01:14:50.955,0.92508,0.92534,1.00,1.00
2018.02.20 01:14:53.271,0.92507,0.92531,1.00,1.00
2018.02.20 01:14:54.486,0.92508,0.92534,1.00,1.00
2018.02.20 01:14:54.537,0.92508,0.92532,1.00,1.00
2018.02.20 01:14:56.084,0.92509,0.92533,1.00,1.00
2018.02.20 01:14:59.387,0.92507,0.92533,1.00,1.00
2018.02.20 01:15:00.091,0.92508,0.92534,1.00,1.00
2018.02.20 01:15:00.142,0.92508,0.92532,1.00,1.00
2018.02.20 01:15:00.467,0.9251,0.92534,1.00,1.00
2018.02.20 01:15:00.619,0.92502,0.92528,1.00,1.00
2018.02.20 01:15:00.871,0.92502,0.92526,1.00,1.00
2018.02.20 01:15:06.537,0.92501,0.92525,1.00,1.00
2018.02.20 01:15:07.249,0.92501,0.92526,1.00,1.00
2018.02.20 01:15:08.904,0.92506,0.9253,1.00,1.50
2018.02.20 01:15:09.248,0.92508,0.92532,1.00,1.00
2018.02.20 01:15:12.900,0.92506,0.9253,1.00,1.00
2018.02.20 01:15:12.951,0.92503,0.92529,1.00,1.00
2018.02.20 01:15:13.002,0.92503,0.92526,1.00,1.00
2018.02.20 01:15:13.457,0.92498,0.92524,1.00,1.00
2018.02.20 01:15:13.555,0.925,0.92524,1.00,1.00
2018.02.20 01:15:15.153,0.92499,0.92523,1.00,1.00
2018.02.20 01:15:18.605,0.925,0.92524,1.00,1.00
2018.02.20 01:15:18.836,0.92506,0.92532,1.00,1.00
2018.02.20 01:15:30.813,0.92508,0.92533,1.00,1.00
2018.02.20 01:15:31.240,0.92511,0.92534,1.00,1.00
2018.02.20 01:15:31.290,0.92509,0.92534,1.00,1.00
2018.02.20 01:15:35.396,0.92511,0.92534,1.00,1.00
2018.02.20 01:15:36.046,0.9251,0.92536,1.00,1.00
2018.02.20 01:15:36.991,0.92509,0.92535,1.00,1.00
2018.02.20 01:15:40.343,0.92511,0.92535,1.00,1.00
2018.02.20 01:15:40.979,0.9251,0.92534,1.00,1.00
2018.02.20 01:15:44.115,0.9251,0.92533,1.00,1.00
2018.02.20 01:15:45.064,0.92509,0.92533,1.00,1.00
2018.02.20 01:15:49.929,0.9251,0.92536,1.00,1.00
2018.02.20 01:15:49.980,0.92512,0.92536,1.00,1.00
2018.02.20 01:15:50.941,0.92511,0.92537,1.00,1.00
2018.02.20 01:15:51.576,0.92512,0.92536,1.00,1.00
2018.02.20 01:15:52.110,0.9251,0.92536,1.00,1.00
2018.02.20 01:15:52.286,0.92512,0.92536,1.00,1.00
2018.02.20 01:15:53.004,0.92513,0.92537,1.00,1.00
2018.02.20 01:15:59.975,0.92511,0.92535,1.00,1.00
2018.02.20 01:16:00.128,0.92508,0.92534,1.00,1.00
2018.02.20 01:16:00.179,0.92509,0.92532,1.00,1.00
2018.02.20 01:16:02.741,0.92506,0.9253,1.00,1.00
2018.02.20 01:16:02.917,0.92502,0.92525,1.00,1.00
2018.02.20 01:16:02.972,0.92499,0.92525,1.00,1.00
2018.02.20 01:16:03.320,0.92499,0.92523,1.00,1.00
2018.02.20 01:16:05.087,0.92499,0.92525,1.00,1.00
2018.02.20 01:16:06.105,0.92499,0.92523,1.00,1.00
2018.02.20 01:16:06.606,0.925,0.92524,1.00,1.00
2018.02.20 01:16:07.768,0.92501,0.92525,1.00,1.00
2018.02.20 01:16:09.043,0.92498,0.92524,1.00,1.00
2018.02.20 01:16:10.716,0.92498,0.92521,1.00,1.00
2018.02.20 01:16:11.221,0.92497,0.9252,1.00,1.00
2018.02.20 01:16:12.829,0.925,0.92524,1.00,1.00
2018.02.20 01:16:12.880,0.92503,0.92527,1.00,1.00
2018.02.20 01:16:12.931,0.925,0.92526,1.00,1.00
2018.02.20 01:16:12.981,0.925,0.92523,1.00,1.00
2018.02.20 01:16:13.032,0.92498,0.92522,1.00,1.00
2018.02.20 01:16:15.996,0.925,0.92524,1.00,1.00
2018.02.20 01:16:16.047,0.92498,0.92524,1.00,1.00
2018.02.20 01:16:16.897,0.92503,0.92527,1.00,1.00
2018.02.20 01:16:16.998,0.92501,0.92526,1.00,1.00
2018.02.20 01:16:17.049,0.92503,0.92528,1.00,1.00
2018.02.20 01:16:17.822,0.92501,0.92526,1.50,1.00
2018.02.20 01:16:18.331,0.925,0.92526,1.00,1.00
2018.02.20 01:16:19.383,0.925,0.92524,1.00,1.00
2018.02.20 01:16:19.770,0.92502,0.92526,1.00,1.00
2018.02.20 01:16:20.176,0.92501,0.92524,1.00,1.00
2018.02.20 01:16:20.226,0.92499,0.92525,1.00,1.00
2018.02.20 01:16:20.914,0.925,0.92526,1.00,1.00
2018.02.20 01:16:21.747,0.92499,0.92528,1.00,1.00
2018.02.20 01:16:22.590,0.92504,0.92528,1.00,1.00
2018.02.20 01:16:25.175,0.925,0.92529,1.00,1.00
2018.02.20 01:16:25.889,0.92501,0.92528,1.00,1.00
2018.02.20 01:16:26.076,0.92504,0.92528,1.00,1.00
2018.02.20 01:16:26.591,0.92505,0.92529,1.00,1.00
2018.02.20 01:16:26.965,0.92501,0.92528,1.00,1.00
2018.02.20 01:16:29.916,0.92498,0.92523,1.00,1.00
2018.02.20 01:16:30.244,0.92501,0.92526,1.00,1.00
2018.02.20 01:16:30.895,0.925,0.92526,1.00,1.00
2018.02.20 01:16:31.211,0.92507,0.92531,1.00,1.00
2018.02.20 01:16:32.584,0.92507,0.92533,1.00,1.00
2018.02.20 01:16:32.697,0.92511,0.92534,1.00,1.00
2018.02.20 01:16:33.199,0.9251,0.92534,1.00,1.00
2018.02.20 01:16:33.619,0.92509,0.92532,1.00,1.00
2018.02.20 01:16:33.670,0.92509,0.92535,1.00,1.00
2018.02.20 01:16:34.067,0.92508,0.92531,1.00,1.00
2018.02.20 01:16:34.168,0.92509,0.92535,1.00,1.00
2018.02.20 01:16:35.002,0.9251,0.92535,1.00,1.00
2018.02.20 01:16:36.707,0.92509,0.92534,1.00,1.00
2018.02.20 01:16:39.036,0.92508,0.92532,1.00,1.00
2018.02.20 01:16:39.258,0.92505,0.9253,1.00,1.00
2018.02.20 01:16:39.427,0.92499,0.92524,2.25,1.00
2018.02.20 01:16:39.731,0.925,0.92526,1.00,1.00
2018.02.20 01:16:44.561,0.92496,0.92522,2.25,1.00
2018.02.20 01:16:44.866,0.92504,0.92527,1.00,1.00
2018.02.20 01:16:45.437,0.92504,0.9253,1.00,1.00
2018.02.20 01:16:46.678,0.92504,0.92529,1.00,1.00
2018.02.20 01:16:47.389,0.92504,0.92528,1.00,1.00
2018.02.20 01:16:48.565,0.92502,0.92527,1.00,1.00
2018.02.20 01:16:51.697,0.92502,0.92526,1.00,1.00
2018.02.20 01:16:52.169,0.92503,0.92528,1.00,1.00
2018.02.20 01:16:52.650,0.92502,0.92526,1.00,1.00
2018.02.20 01:16:52.751,0.92499,0.92525,1.00,1.00
2018.02.20 01:16:53.594,0.925,0.92525,1.00,1.00
2018.02.20 01:16:56.177,0.92498,0.92522,1.00,1.00
2018.02.20 01:16:56.516,0.92504,0.92527,1.00,1.00
2018.02.20 01:16:56.875,0.92504,0.92529,1.00,1.00
2018.02.20 01:16:57.378,0.92502,0.92528,1.00,1.00
2018.02.20 01:17:02.382,0.92503,0.92529,1.00,1.00
2018.02.20 01:17:03.581,0.92502,0.92527,1.00,1.00
2018.02.20 01:17:06.726,0.92504,0.92527,1.00,1.00
2018.02.20 01:17:10.086,0.92499,0.92522,2.25,1.00
2018.02.20 01:17:10.485,0.92497,0.9252,1.00,1.00
2018.02.20 01:17:10.629,0.92499,0.92523,1.00,1.00
2018.02.20 01:17:10.680,0.925,0.92525,1.00,1.00
2018.02.20 01:17:11.786,0.92498,0.92526,1.00,1.00
2018.02.20 01:17:12.486,0.92498,0.92525,1.00,1.00
2018.02.20 01:17:13.134,0.92495,0.92522,2.25,1.00
2018.02.20 01:17:18.894,0.92494,0.92519,1.50,1.00
2018.02.20 01:17:21.255,0.92494,0.9252,1.00,1.00
2018.02.20 01:17:21.756,0.92494,0.92519,1.00,1.00
2018.02.20 01:17:22.844,0.92498,0.92523,1.00,1.00
2018.02.20 01:17:36.039,0.92498,0.92525,1.00,1.00
2018.02.20 01:17:41.348,0.92497,0.92522,1.00,1.00
2018.02.20 01:17:43.167,0.92497,0.92525,1.00,1.00
2018.02.20 01:17:43.319,0.92498,0.92523,1.00,1.00
2018.02.20 01:17:43.775,0.92502,0.92527,1.00,1.00
2018.02.20 01:17:45.528,0.92503,0.92528,1.00,1.00
2018.02.20 01:17:47.643,0.92503,0.9253,1.00,1.00
2018.02.20 01:17:47.694,0.92503,0.92528,1.00,1.00
2018.02.20 01:17:47.744,0.92502,0.9253,1.00,1.00
2018.02.20 01:17:48.078,0.92502,0.92528,1.00,1.00
2018.02.20 01:17:48.611,0.92503,0.92529,1.00,1.00
2018.02.20 01:17:51.316,0.92503,0.92528,1.00,1.00
2018.02.20 01:17:51.680,0.92503,0.92531,1.00,1.00
2018.02.20 01:17:52.251,0.92504,0.92531,1.00,1.00
2018.02.20 01:17:55.790,0.92506,0.92531,1.00,1.00
2018.02.20 01:17:55.935,0.92504,0.92531,1.00,1.00
2018.02.20 01:17:56.739,0.92505,0.92531,1.00,1.00
2018.02.20 01:18:00.032,0.92504,0.9253,1.00,1.00
2018.02.20 01:18:00.083,0.92506,0.92531,1.00,1.00
2018.02.20 01:18:02.189,0.92505,0.9253,1.00,1.00
2018.02.20 01:18:04.868,0.92504,0.92529,1.00,1.00
2018.02.20 01:18:04.919,0.92502,0.92529,1.00,1.00
2018.02.20 01:18:06.249,0.925,0.92528,1.50,1.00
2018.02.20 01:18:06.741,0.92502,0.92528,1.00,1.00
2018.02.20 01:18:07.242,0.92504,0.92529,1.00,1.00
2018.02.20 01:18:15.045,0.92506,0.92533,1.00,1.00
2018.02.20 01:18:15.993,0.92505,0.92533,1.50,1.00
2018.02.20 01:18:17.338,0.92504,0.9253,1.00,1.00
2018.02.20 01:18:17.666,0.92507,0.92534,1.00,1.00
2018.02.20 01:18:19.387,0.92508,0.92533,1.00,1.00
2018.02.20 01:18:19.488,0.92509,0.92536,1.00,1.00
2018.02.20 01:18:19.539,0.92509,0.92534,1.00,1.00
2018.02.20 01:18:19.742,0.92507,0.92533,1.00,1.00
2018.02.20 01:18:20.305,0.92506,0.92532,1.50,1.00
2018.02.20 01:18:21.877,0.92507,0.92533,1.00,1.00
2018.02.20 01:18:22.888,0.92506,0.92532,1.00,1.00
2018.02.20 01:18:23.423,0.92507,0.92533,1.00,1.00
2018.02.20 01:18:24.951,0.92508,0.92534,1.00,1.00
2018.02.20 01:18:25.002,0.92507,0.92532,1.00,1.00
2018.02.20 01:18:25.205,0.92508,0.92536,1.00,1.00
2018.02.20 01:18:26.138,0.92507,0.92534,1.00,1.00
2018.02.20 01:18:26.846,0.92507,0.92532,1.00,1.00
2018.02.20 01:18:32.085,0.92507,0.92534,1.00,1.00
2018.02.20 01:18:36.607,0.92508,0.92534,1.00,1.00
2018.02.20 01:18:40.410,0.92507,0.92533,1.00,1.00
2018.02.20 01:18:43.150,0.92508,0.92534,1.00,1.00
2018.02.20 01:18:45.579,0.9251,0.92535,1.00,1.00
2018.02.20 01:18:45.899,0.92508,0.92534,1.00,1.00
2018.02.20 01:18:46.214,0.92509,0.92537,1.00,1.00
2018.02.20 01:18:46.523,0.92509,0.92535,1.00,1.00
2018.02.20 01:18:47.484,0.92509,0.92534,1.00,1.00
2018.02.20 01:18:49.629,0.92513,0.92541,1.00,1.00
2018.02.20 01:18:49.729,0.92516,0.92541,1.00,1.00
2018.02.20 01:18:50.133,0.92518,0.92543,1.00,1.00
2018.02.20 01:18:51.435,0.92517,0.92543,1.00,1.00
2018.02.20 01:18:52.626,0.92519,0.92546,1.00,1.00
2018.02.20 01:18:54.017,0.92518,0.92545,1.00,1.00
2018.02.20 01:18:54.068,0.92516,0.92542,2.25,1.00
2018.02.20 01:18:54.757,0.92517,0.92543,1.00,1.00
2018.02.20 01:18:55.432,0.92516,0.92541,1.00,1.00
2018.02.20 01:18:57.149,0.92515,0.9254,1.00,1.00
2018.02.20 01:18:58.879,0.92513,0.9254,1.00,1.00
2018.02.20 01:18:59.391,0.92517,0.92542,1.00,1.00
2018.02.20 01:18:59.908,0.92516,0.92541,1.00,1.00
2018.02.20 01:19:01.030,0.92515,0.9254,1.00,1.00
2018.02.20 01:19:04.812,0.92515,0.92541,1.00,1.00
2018.02.20 01:19:04.964,0.92506,0.92533,1.00,1.00
2018.02.20 01:19:05.065,0.92504,0.92533,1.00,1.00
2018.02.20 01:19:05.116,0.92503,0.92531,1.00,1.00
2018.02.20 01:19:06.968,0.92504,0.92529,1.00,1.00
2018.02.20 01:19:08.352,0.92504,0.92532,1.00,1.00
2018.02.20 01:19:10.253,0.92504,0.92529,1.00,1.00
2018.02.20 01:19:16.024,0.92502,0.92529,1.00,1.00
2018.02.20 01:19:21.030,0.92501,0.92526,1.00,1.00
2018.02.20 01:19:22.035,0.925,0.92526,1.00,1.00
2018.02.20 01:19:22.844,0.92501,0.92527,1.00,1.00
2018.02.20 01:19:23.419,0.925,0.92525,1.00,1.00
2018.02.20 01:19:26.317,0.925,0.92527,1.00,1.00
2018.02.20 01:19:26.539,0.92497,0.92526,1.00,1.00
2018.02.20 01:19:26.691,0.92494,0.92519,3.00,1.00
2018.02.20 01:19:27.345,0.92493,0.92518,1.00,1.00
2018.02.20 01:19:33.861,0.92492,0.92522,1.00,1.00
2018.02.20 01:19:33.912,0.92492,0.9252,1.00,1.00
2018.02.20 01:19:34.215,0.92499,0.92525,1.00,1.00
2018.02.20 01:19:34.856,0.92499,0.92526,1.00,1.00
2018.02.20 01:19:35.378,0.92498,0.92525,1.00,1.00
2018.02.20 01:19:36.529,0.92498,0.92524,1.00,1.00
2018.02.20 01:19:37.026,0.92498,0.92526,1.00,1.00
2018.02.20 01:19:38.030,0.92498,0.92524,1.00,1.00
2018.02.20 01:19:40.937,0.92494,0.92524,1.50,1.00
2018.02.20 01:19:41.182,0.92496,0.92523,1.00,1.00
2018.02.20 01:19:41.326,0.92494,0.92523,1.00,1.00
2018.02.20 01:19:44.435,0.92493,0.92523,2.25,1.00
2018.02.20 01:19:45.216,0.92496,0.92523,1.00,1.00
2018.02.20 01:19:45.768,0.92493,0.92524,1.50,1.00
2018.02.20 01:19:47.541,0.92494,0.92524,1.00,1.00
2018.02.20 01:19:48.071,0.92494,0.92522,1.00,1.00
2018.02.20 01:19:51.559,0.92496,0.92522,1.00,1.00
2018.02.20 01:19:51.711,0.92493,0.92523,1.00,1.00
2018.02.20 01:19:51.844,0.9249,0.92523,2.25,1.00
2018.02.20 01:19:51.895,0.92491,0.92521,1.00,1.00
2018.02.20 01:19:52.212,0.92497,0.92524,1.00,1.00
2018.02.20 01:19:54.302,0.92497,0.92522,1.00,1.00
2018.02.20 01:19:55.486,0.92496,0.92521,1.00,1.00
2018.02.20 01:19:55.537,0.92496,0.92523,1.00,1.00
2018.02.20 01:19:55.638,0.92498,0.92523,1.00,1.00
2018.02.20 01:19:57.766,0.92498,0.92525,1.00,1.00
2018.02.20 01:20:01.316,0.92502,0.92528,1.00,1.00
2018.02.20 01:20:01.417,0.92502,0.9253,1.00,1.00
2018.02.20 01:20:02.487,0.92501,0.92529,1.00,1.00
2018.02.20 01:20:02.538,0.92502,0.92527,1.00,1.00
2018.02.20 01:20:03.560,0.92501,0.92526,1.00,1.00
2018.02.20 01:20:03.813,0.925,0.92528,1.00,1.00
2018.02.20 01:20:04.310,0.92501,0.9253,1.00,1.00
2018.02.20 01:20:04.560,0.925,0.92526,1.00,1.00
2018.02.20 01:20:04.992,0.92499,0.92524,1.50,1.00
2018.02.20 01:20:05.431,0.92499,0.92526,1.50,1.00
2018.02.20 01:20:06.126,0.925,0.92526,1.00,1.00
2018.02.20 01:20:06.825,0.92499,0.92526,1.00,1.00
2018.02.20 01:20:07.340,0.925,0.92526,1.00,1.00
2018.02.20 01:20:09.246,0.92503,0.92529,1.00,1.00
2018.02.20 01:20:09.348,0.92503,0.92531,1.00,1.00
2018.02.20 01:20:09.550,0.92502,0.92529,1.00,1.00
2018.02.20 01:20:10.331,0.92499,0.92527,1.50,1.00
2018.02.20 01:20:10.534,0.92497,0.92525,1.00,1.00
2018.02.20 01:20:10.912,0.92499,0.92527,1.00,1.00
2018.02.20 01:20:13.565,0.925,0.92528,1.00,1.00
2018.02.20 01:20:13.971,0.925,0.92526,1.00,1.00
2018.02.20 01:20:14.748,0.92501,0.92528,1.00,1.00
2018.02.20 01:20:15.271,0.92501,0.92529,1.00,1.00
2018.02.20 01:20:18.604,0.92503,0.92529,1.00,1.00
2018.02.20 01:20:19.309,0.92496,0.92522,2.25,1.00
2018.02.20 01:20:19.410,0.925,0.92528,1.00,2.25
2018.02.20 01:20:19.462,0.92496,0.92522,1.00,1.00
2018.02.20 01:20:19.513,0.92498,0.92525,1.00,1.00
2018.02.20 01:20:19.564,0.92496,0.92524,1.00,1.00
2018.02.20 01:20:19.767,0.92498,0.92525,1.00,1.00
2018.02.20 01:20:20.422,0.92498,0.92529,1.00,1.00
2018.02.20 01:20:20.606,0.925,0.92529,1.00,1.00
2018.02.20 01:20:21.664,0.925,0.9253,1.00,1.00
2018.02.20 01:20:23.063,0.92502,0.9253,1.00,1.00
2018.02.20 01:20:23.484,0.92502,0.92528,1.00,1.00
2018.02.20 01:20:24.473,0.92501,0.92527,1.00,1.00
2018.02.20 01:20:24.831,0.92501,0.92529,1.00,1.00
2018.02.20 01:20:25.311,0.92503,0.92529,1.00,1.00
2018.02.20 01:20:26.786,0.92502,0.92528,1.00,1.00
2018.02.20 01:20:27.178,0.92501,0.9253,1.00,1.00
2018.02.20 01:20:29.089,0.92504,0.9253,1.00,1.00
2018.02.20 01:20:30.812,0.92506,0.92532,1.00,1.00
2018.02.20 01:20:34.238,0.92507,0.92534,1.00,1.00
2018.02.20 01:20:34.289,0.92505,0.92533,1.00,1.00
2018.02.20 01:20:37.120,0.92508,0.92534,1.00,1.00
2018.02.20 01:20:37.273,0.92508,0.92537,1.00,1.00
2018.02.20 01:20:37.324,0.92508,0.92534,1.00,1.00
2018.02.20 01:20:38.218,0.92506,0.92534,1.00,1.00
2018.02.20 01:20:38.941,0.92507,0.92535,1.00,1.00
2018.02.20 01:20:39.991,0.92507,0.92533,1.00,1.00
2018.02.20 01:20:40.697,0.92502,0.92531,1.50,1.00
2018.02.20 01:20:40.969,0.92504,0.92532,1.00,1.00
2018.02.20 01:20:41.606,0.92505,0.92533,1.00,1.00
2018.02.20 01:20:42.204,0.92504,0.92532,1.00,1.00
2018.02.20 01:20:42.762,0.92508,0.92534,1.00,1.00
2018.02.20 01:20:43.725,0.92508,0.92535,1.00,1.00
2018.02.20 01:20:44.703,0.92507,0.92534,1.00,1.00
2018.02.20 01:20:47.455,0.92508,0.92536,1.00,1.00
2018.02.20 01:20:47.506,0.9251,0.92538,1.00,1.00
2018.02.20 01:20:48.032,0.92509,0.92535,1.00,1.00
2018.02.20 01:20:48.609,0.92508,0.92534,1.00,1.00
2018.02.20 01:20:49.270,0.9251,0.92537,1.00,1.00
2018.02.20 01:20:49.322,0.92514,0.9254,1.00,1.00
2018.02.20 01:20:49.540,0.9251,0.92539,1.00,1.00
2018.02.20 01:20:50.112,0.92511,0.92538,1.00,1.00
2018.02.20 01:20:51.675,0.92511,0.92539,1.00,1.00
2018.02.20 01:20:52.265,0.92511,0.9254,1.00,1.00
2018.02.20 01:20:52.444,0.92512,0.92538,1.00,1.00
2018.02.20 01:20:52.974,0.92511,0.92538,1.00,1.00
2018.02.20 01:20:53.148,0.92512,0.9254,1.00,1.00
2018.02.20 01:20:53.700,0.92514,0.9254,1.00,1.00
2018.02.20 01:20:56.000,0.9251,0.92538,1.00,1.00
2018.02.20 01:20:58.236,0.92509,0.92537,1.00,1.00
2018.02.20 01:20:58.386,0.92511,0.92538,1.00,1.00
2018.02.20 01:20:59.185,0.9251,0.92538,2.25,1.00
2018.02.20 01:20:59.753,0.92511,0.92538,1.00,1.00
2018.02.20 01:21:00.959,0.92512,0.9254,1.00,1.00
2018.02.20 01:21:01.062,0.92514,0.92542,1.00,1.00
2018.02.20 01:21:01.409,0.9251,0.92538,1.50,1.00
2018.02.20 01:21:01.970,0.92511,0.92539,1.00,1.00
2018.02.20 01:21:02.300,0.9251,0.92536,1.00,1.00
2018.02.20 01:21:04.161,0.92508,0.92536,1.00,1.00
2018.02.20 01:21:05.562,0.92511,0.92537,1.00,1.00
2018.02.20 01:21:07.025,0.92509,0.92537,1.50,1.00
2018.02.20 01:21:10.130,0.92512,0.92538,1.00,1.00
2018.02.20 01:21:17.572,0.92515,0.92541,1.00,1.00
2018.02.20 01:21:17.760,0.92512,0.92539,1.00,1.00
2018.02.20 01:21:21.735,0.92512,0.9254,1.00,1.00
2018.02.20 01:21:24.660,0.92514,0.9254,1.00,1.00
2018.02.20 01:21:29.679,0.92509,0.92537,2.25,1.00
2018.02.20 01:21:29.833,0.92508,0.92535,1.50,1.00
2018.02.20 01:21:32.397,0.9251,0.92538,1.00,1.00
2018.02.20 01:21:32.448,0.92512,0.92538,1.00,1.00
2018.02.20 01:21:34.542,0.92509,0.92538,1.00,1.00
2018.02.20 01:21:34.694,0.92511,0.92537,1.00,1.00
2018.02.20 01:21:34.745,0.92511,0.92539,1.00,1.00
2018.02.20 01:21:36.512,0.92511,0.92538,1.00,1.00
2018.02.20 01:21:36.613,0.92509,0.92535,1.00,1.00
2018.02.20 01:21:36.931,0.92507,0.92533,1.00,1.00
2018.02.20 01:21:37.271,0.92509,0.92535,1.00,1.00
2018.02.20 01:21:39.960,0.92508,0.92534,1.00,1.00
2018.02.20 01:21:40.061,0.92506,0.92534,1.00,1.00
2018.02.20 01:21:41.680,0.92508,0.92534,1.00,1.00
2018.02.20 01:21:42.837,0.92507,0.92533,1.00,1.00
2018.02.20 01:21:45.912,0.92509,0.92535,1.00,1.00
2018.02.20 01:21:51.804,0.9251,0.92536,1.00,1.00
2018.02.20 01:22:07.377,0.92508,0.92536,1.00,1.00
2018.02.20 01:22:08.026,0.9251,0.92536,1.00,1.00
2018.02.20 01:22:08.077,0.92508,0.92535,1.00,1.00
2018.02.20 01:22:08.128,0.92505,0.92531,1.50,1.00
2018.02.20 01:22:08.179,0.92501,0.92528,1.50,1.00
2018.02.20 01:22:08.432,0.92502,0.9253,1.00,1.00
2018.02.20 01:22:10.430,0.92501,0.92529,1.50,1.00
2018.02.20 01:22:15.404,0.92501,0.92527,1.00,1.00
2018.02.20 01:22:17.089,0.92502,0.92528,1.00,1.00
2018.02.20 01:22:17.191,0.92503,0.92531,1.00,1.00
2018.02.20 01:22:23.277,0.92503,0.92529,1.00,1.00
2018.02.20 01:22:25.199,0.92504,0.9253,1.00,1.00
2018.02.20 01:22:30.572,0.92505,0.92533,1.00,1.00
2018.02.20 01:22:30.674,0.92503,0.92531,1.00,1.00
2018.02.20 01:22:31.052,0.92505,0.92531,1.00,1.00
2018.02.20 01:22:33.720,0.92506,0.92533,1.00,1.00
2018.02.20 01:22:33.821,0.92507,0.92535,1.00,1.00
2018.02.20 01:22:34.321,0.92505,0.92534,1.00,1.00
2018.02.20 01:22:34.626,0.92507,0.92535,1.00,1.00
2018.02.20 01:22:36.879,0.92499,0.92526,1.00,1.00
2018.02.20 01:22:37.609,0.92498,0.92526,2.25,1.00
2018.02.20 01:22:38.347,0.92499,0.92525,1.00,1.00
2018.02.20 01:22:41.431,0.925,0.92528,1.00,1.00
2018.02.20 01:22:41.935,0.92502,0.9253,1.00,1.00
2018.02.20 01:22:42.248,0.9251,0.92536,1.00,1.00
2018.02.20 01:22:43.949,0.92507,0.92533,1.00,1.00
2018.02.20 01:22:44.101,0.92498,0.92526,1.00,1.00
2018.02.20 01:22:51.666,0.92499,0.92527,1.00,1.00
2018.02.20 01:22:54.610,0.92502,0.92528,1.00,1.00
2018.02.20 01:22:54.762,0.925,0.92527,1.50,1.00
2018.02.20 01:22:55.940,0.92499,0.92527,1.00,1.00
2018.02.20 01:23:00.415,0.925,0.92529,1.00,1.00
2018.02.20 01:23:00.741,0.92499,0.92526,1.00,1.00
2018.02.20 01:23:06.945,0.92499,0.92527,1.00,1.00
2018.02.20 01:23:07.249,0.92499,0.92525,1.00,1.00
2018.02.20 01:23:07.430,0.92501,0.92529,1.00,1.00
2018.02.20 01:23:07.512,0.92503,0.92531,1.00,2.25
2018.02.20 01:23:08.124,0.92503,0.9253,1.00,1.00
2018.02.20 01:23:09.946,0.92501,0.92529,1.00,1.00
2018.02.20 01:23:09.997,0.92498,0.92526,2.25,1.00
2018.02.20 01:23:10.319,0.92499,0.92528,1.00,1.00
2018.02.20 01:23:10.474,0.92502,0.92529,1.00,1.00
2018.02.20 01:23:10.525,0.92502,0.92531,1.00,1.00
2018.02.20 01:23:10.881,0.92501,0.92527,1.00,1.00
2018.02.20 01:23:11.000,0.92498,0.92526,1.00,1.00
2018.02.20 01:23:12.268,0.92497,0.92521,1.00,1.00
2018.02.20 01:23:12.319,0.92494,0.92521,1.00,1.00
2018.02.20 01:23:12.937,0.92493,0.92521,1.00,1.00
2018.02.20 01:23:14.183,0.92496,0.92524,1.00,1.00
2018.02.20 01:23:14.678,0.92498,0.92524,1.00,1.00
2018.02.20 01:23:21.140,0.92498,0.92526,1.00,1.00
2018.02.20 01:23:21.241,0.925,0.92526,1.00,1.00
2018.02.20 01:23:21.546,0.92493,0.92518,1.50,1.00
2018.02.20 01:23:21.597,0.9249,0.92518,1.00,1.00
2018.02.20 01:23:21.788,0.9249,0.92516,1.00,1.00
2018.02.20 01:23:22.477,0.92491,0.92517,1.00,1.00
2018.02.20 01:23:22.982,0.92492,0.92518,1.00,1.00
2018.02.20 01:23:26.697,0.9249,0.92516,1.00,1.00
2018.02.20 01:23:26.798,0.92485,0.92513,2.25,1.00
2018.02.20 01:23:26.952,0.92488,0.92517,1.00,1.00
2018.02.20 01:23:27.147,0.92488,0.92515,1.00,1.00
2018.02.20 01:23:27.728,0.92488,0.92516,1.00,1.00
2018.02.20 01:23:27.980,0.92489,0.92519,1.00,1.00
2018.02.20 01:23:28.031,0.92493,0.92519,1.00,1.00
2018.02.20 01:23:28.132,0.92494,0.92521,1.00,1.00
2018.02.20 01:23:28.314,0.92492,0.92518,1.00,1.00
2018.02.20 01:23:28.653,0.92491,0.92516,1.00,1.00
2018.02.20 01:23:28.781,0.92491,0.92519,1.00,1.00
2018.02.20 01:23:28.839,0.92489,0.92517,1.00,1.00
2018.02.20 01:23:28.952,0.92488,0.9252,1.00,1.00
2018.02.20 01:23:29.078,0.92485,0.92511,2.25,1.00
2018.02.20 01:23:29.181,0.92481,0.92512,2.25,1.00
2018.02.20 01:23:29.292,0.92482,0.9251,1.00,1.00
2018.02.20 01:23:29.756,0.92483,0.92512,1.00,1.00
2018.02.20 01:23:29.857,0.92485,0.92513,1.00,1.00
2018.02.20 01:23:30.621,0.92486,0.92513,1.00,1.00
2018.02.20 01:23:30.932,0.92485,0.92511,1.00,1.00
2018.02.20 01:23:31.033,0.92486,0.92513,1.00,1.00
2018.02.20 01:23:31.578,0.92486,0.92512,1.00,1.00
2018.02.20 01:23:32.350,0.92487,0.92513,1.00,1.00
2018.02.20 01:23:32.401,0.92488,0.92516,1.00,1.00
2018.02.20 01:23:32.568,0.92486,0.92514,1.50,1.00
2018.02.20 01:23:33.214,0.92488,0.92514,1.00,1.00
2018.02.20 01:23:33.372,0.92486,0.92513,1.00,1.00
2018.02.20 01:23:33.651,0.92485,0.92511,1.00,1.00
2018.02.20 01:23:33.753,0.92485,0.92513,1.00,1.00
2018.02.20 01:23:33.804,0.92485,0.92511,1.00,1.00
2018.02.20 01:23:34.117,0.92487,0.92513,1.00,1.00
2018.02.20 01:23:34.218,0.92489,0.92517,1.00,1.00
2018.02.20 01:23:35.351,0.9249,0.92517,1.00,1.00
2018.02.20 01:23:35.579,0.92488,0.92514,1.00,1.00
2018.02.20 01:23:37.011,0.92489,0.92515,1.00,1.00
2018.02.20 01:23:37.113,0.9249,0.92518,1.00,1.00
2018.02.20 01:23:37.164,0.9249,0.92516,1.00,1.00
2018.02.20 01:23:37.512,0.92486,0.92513,1.00,1.00
2018.02.20 01:23:37.567,0.92487,0.92515,1.00,1.00
2018.02.20 01:23:39.139,0.92488,0.92516,1.00,1.00
2018.02.20 01:23:39.449,0.9249,0.92517,1.00,1.00
2018.02.20 01:23:39.572,0.92488,0.92516,1.00,1.00
2018.02.20 01:23:40.093,0.9249,0.92516,1.00,1.00
2018.02.20 01:23:40.927,0.92489,0.92515,1.00,1.00
2018.02.20 01:23:41.077,0.9249,0.92517,1.00,1.00
2018.02.20 01:23:42.030,0.92489,0.92518,1.00,1.00
2018.02.20 01:23:42.215,0.9249,0.92516,1.00,1.00
2018.02.20 01:23:42.397,0.9249,0.92518,1.00,1.00
2018.02.20 01:23:42.906,0.92489,0.92517,1.00,1.00
2018.02.20 01:23:43.483,0.92491,0.92517,1.00,1.00
2018.02.20 01:23:43.635,0.92492,0.9252,1.00,1.00
2018.02.20 01:23:43.686,0.92491,0.92517,1.00,1.00
2018.02.20 01:23:44.192,0.9249,0.92516,1.00,1.00
2018.02.20 01:23:44.625,0.92485,0.92513,1.00,1.00
2018.02.20 01:23:44.726,0.92488,0.92516,1.00,1.00
2018.02.20 01:23:46.034,0.92489,0.92517,1.00,1.00
2018.02.20 01:23:46.951,0.92487,0.92516,1.00,1.00
2018.02.20 01:23:47.002,0.92486,0.92512,1.00,1.00
2018.02.20 01:23:47.388,0.92488,0.92514,1.00,1.00
2018.02.20 01:23:47.696,0.92485,0.92511,1.00,1.00
2018.02.20 01:23:48.012,0.9249,0.92515,1.00,1.00
2018.02.20 01:23:48.315,0.92494,0.92517,1.00,1.00
2018.02.20 01:23:48.420,0.92494,0.92519,1.00,1.00
2018.02.20 01:23:48.976,0.92496,0.92519,1.00,1.00
2018.02.20 01:23:50.041,0.92494,0.92517,1.00,1.00
2018.02.20 01:23:50.592,0.92491,0.92514,1.00,1.00
2018.02.20 01:23:50.915,0.92491,0.92516,1.00,1.00
2018.02.20 01:23:51.117,0.92491,0.92514,1.00,1.00
2018.02.20 01:23:52.297,0.92493,0.92516,1.00,1.00
2018.02.20 01:23:52.742,0.9249,0.92515,1.00,1.00
2018.02.20 01:23:52.793,0.92489,0.92512,1.00,1.00
2018.02.20 01:23:53.417,0.92493,0.92516,1.00,1.00
2018.02.20 01:23:53.962,0.92493,0.92518,1.00,1.00
2018.02.20 01:23:54.944,0.92493,0.92516,1.00,1.00
2018.02.20 01:23:55.046,0.92493,0.92518,1.00,1.00
2018.02.20 01:23:55.148,0.92491,0.92514,1.00,1.00
2018.02.20 01:23:55.668,0.92489,0.92512,1.00,1.00
2018.02.20 01:23:56.005,0.92487,0.9251,1.00,1.00
2018.02.20 01:23:56.575,0.92488,0.92511,1.00,1.00
2018.02.20 01:23:56.970,0.92488,0.92514,1.00,1.00
2018.02.20 01:23:57.773,0.92491,0.92514,1.00,1.00
2018.02.20 01:23:58.258,0.92489,0.92514,1.00,1.00
2018.02.20 01:23:59.453,0.92491,0.92517,1.00,1.00
2018.02.20 01:23:59.504,0.9249,0.92514,1.00,1.00
2018.02.20 01:24:00.109,0.92491,0.92514,1.00,1.00
2018.02.20 01:24:00.819,0.92492,0.92515,1.00,1.00
2018.02.20 01:24:00.870,0.92489,0.92514,1.00,1.00
2018.02.20 01:24:01.329,0.92492,0.92516,1.00,1.00
2018.02.20 01:24:01.605,0.92493,0.92518,1.00,1.00
2018.02.20 01:24:02.360,0.92492,0.92515,1.00,1.00
2018.02.20 01:24:03.366,0.92491,0.92514,1.00,1.00
2018.02.20 01:24:03.519,0.92492,0.92519,1.00,1.00
2018.02.20 01:24:03.746,0.92495,0.9252,1.00,1.00
2018.02.20 01:24:05.010,0.92494,0.92519,1.00,1.00
2018.02.20 01:24:05.314,0.92489,0.92512,1.00,1.00
2018.02.20 01:24:05.673,0.9249,0.92514,1.00,1.00
2018.02.20 01:24:05.863,0.92491,0.92516,1.00,1.00
2018.02.20 01:24:05.914,0.92493,0.92518,1.00,1.00
2018.02.20 01:24:08.337,0.92492,0.92517,1.00,1.00
2018.02.20 01:24:08.678,0.92496,0.9252,1.00,1.00
2018.02.20 01:24:08.780,0.92496,0.92523,1.00,1.00
2018.02.20 01:24:11.580,0.92499,0.92524,1.00,1.00
2018.02.20 01:24:11.920,0.92498,0.92521,1.00,1.00
2018.02.20 01:24:12.102,0.92499,0.92524,1.00,1.00
2018.02.20 01:24:12.291,0.92498,0.92521,1.00,1.00
2018.02.20 01:24:13.342,0.92496,0.92519,1.00,1.00
2018.02.20 01:24:14.148,0.92496,0.92522,1.00,1.00
2018.02.20 01:24:14.695,0.92498,0.92522,1.00,1.00
2018.02.20 01:24:15.536,0.92497,0.92521,1.00,1.00
2018.02.20 01:24:15.820,0.92497,0.92523,1.00,1.00
2018.02.20 01:24:16.103,0.92497,0.92521,1.00,1.00
2018.02.20 01:24:16.388,0.92497,0.92523,1.00,1.00
2018.02.20 01:24:18.799,0.92496,0.92519,1.00,1.00
2018.02.20 01:24:19.066,0.92498,0.92523,1.00,1.00
2018.02.20 01:24:19.977,0.92498,0.92521,1.00,1.00
2018.02.20 01:24:20.436,0.92496,0.92519,1.00,1.00
2018.02.20 01:24:20.743,0.92498,0.92521,1.00,1.00
2018.02.20 01:24:22.642,0.92499,0.92522,1.00,1.00
2018.02.20 01:24:26.095,0.92501,0.92524,1.00,1.00
2018.02.20 01:24:26.383,0.92502,0.92527,1.00,1.00
2018.02.20 01:24:26.893,0.92501,0.92527,1.00,1.00
2018.02.20 01:24:27.045,0.92504,0.92527,1.00,1.00
2018.02.20 01:24:27.096,0.92499,0.92524,1.00,1.00
2018.02.20 01:24:27.460,0.92499,0.92522,1.00,1.00
2018.02.20 01:24:27.511,0.92499,0.92524,1.00,1.00
2018.02.20 01:24:27.636,0.92496,0.92521,1.00,1.00
2018.02.20 01:24:27.939,0.92498,0.92521,1.00,1.00
2018.02.20 01:24:28.040,0.92498,0.92523,1.00,1.00
2018.02.20 01:24:28.090,0.92497,0.9252,1.00,1.00
2018.02.20 01:24:28.141,0.92498,0.92523,1.00,1.00
2018.02.20 01:24:28.823,0.92499,0.92524,1.00,1.00
2018.02.20 01:24:29.150,0.92498,0.92522,1.00,1.00
2018.02.20 01:24:29.507,0.92497,0.9252,1.00,1.00
2018.02.20 01:24:29.558,0.92499,0.92524,1.00,1.00
2018.02.20 01:24:30.097,0.92498,0.92523,1.00,1.00
2018.02.20 01:24:30.506,0.925,0.92523,1.00,1.00
2018.02.20 01:24:31.617,0.92501,0.92524,1.00,1.00
2018.02.20 01:24:31.959,0.92503,0.92528,1.00,1.00
2018.02.20 01:24:32.232,0.92503,0.9253,1.00,1.00
2018.02.20 01:24:32.283,0.92508,0.92531,1.00,1.00
2018.02.20 01:24:32.536,0.92506,0.92531,1.00,1.00
2018.02.20 01:24:32.877,0.92508,0.92533,1.00,1.00
2018.02.20 01:24:33.389,0.92509,0.92532,1.00,1.00
2018.02.20 01:24:34.150,0.9251,0.92533,1.00,1.00
2018.02.20 01:24:34.819,0.92511,0.92534,1.00,1.00
2018.02.20 01:24:34.869,0.92509,0.92534,1.00,1.00
2018.02.20 01:24:35.387,0.9251,0.92535,1.00,1.00
2018.02.20 01:24:35.757,0.92513,0.92536,1.00,1.00
2018.02.20 01:24:36.234,0.92509,0.92534,1.00,1.00
2018.02.20 01:24:38.253,0.92511,0.92536,1.00,1.00
2018.02.20 01:24:38.686,0.92509,0.92532,1.00,1.00
2018.02.20 01:24:38.737,0.92506,0.92531,1.00,1.00
2018.02.20 01:24:38.905,0.92505,0.92528,1.00,1.00
2018.02.20 01:24:39.212,0.92503,0.92529,1.00,1.00
2018.02.20 01:24:39.454,0.92505,0.92529,1.00,1.00
2018.02.20 01:24:40.374,0.92504,0.92528,1.00,1.00
2018.02.20 01:24:40.886,0.92505,0.92529,1.00,1.00
2018.02.20 01:24:41.511,0.92503,0.92529,1.00,1.00
2018.02.20 01:24:42.405,0.92504,0.9253,1.00,1.00
2018.02.20 01:24:43.240,0.92503,0.92529,1.00,1.00
2018.02.20 01:24:43.504,0.92511,0.92537,1.00,1.50
2018.02.20 01:24:44.030,0.92512,0.92537,1.00,1.00
2018.02.20 01:24:45.166,0.9251,0.92537,1.00,1.00
2018.02.20 01:24:45.396,0.92513,0.92537,1.00,1.00
2018.02.20 01:24:52.383,0.92512,0.92536,1.00,1.00
2018.02.20 01:24:53.268,0.92513,0.92537,1.00,1.00
2018.02.20 01:24:56.374,0.92511,0.92535,1.00,1.00
2018.02.20 01:24:56.424,0.92509,0.92535,1.50,1.00
2018.02.20 01:24:56.477,0.92516,0.92542,1.00,1.00
2018.02.20 01:24:56.821,0.92512,0.92536,1.00,1.00
2018.02.20 01:24:57.673,0.9251,0.92534,1.00,1.00
2018.02.20 01:24:58.157,0.9251,0.92536,1.00,1.00
2018.02.20 01:24:58.822,0.92511,0.92535,1.00,1.00
2018.02.20 01:25:00.139,0.92508,0.92534,1.00,1.00
2018.02.20 01:25:00.461,0.92508,0.92532,1.00,1.00
2018.02.20 01:25:00.512,0.92506,0.92532,1.00,1.00
2018.02.20 01:25:01.263,0.92507,0.92533,1.00,1.00
2018.02.20 01:25:01.581,0.92509,0.92532,1.00,1.00
2018.02.20 01:25:01.744,0.92514,0.9254,1.00,1.00
2018.02.20 01:25:01.845,0.92516,0.9254,1.00,1.00
2018.02.20 01:25:02.352,0.92514,0.9254,1.00,1.00
2018.02.20 01:25:02.569,0.92516,0.92542,1.00,1.00
2018.02.20 01:25:03.277,0.92516,0.92541,1.00,1.00
2018.02.20 01:25:03.429,0.92514,0.9254,1.00,1.00
2018.02.20 01:25:03.631,0.92513,0.92538,1.00,1.00
2018.02.20 01:25:03.959,0.92515,0.92539,1.00,1.00
2018.02.20 01:25:04.061,0.92513,0.92539,1.00,1.00
2018.02.20 01:25:07.010,0.92515,0.92541,1.00,1.00
2018.02.20 01:25:07.550,0.92514,0.9254,1.00,1.00
2018.02.20 01:25:08.632,0.92514,0.92537,1.00,1.00
2018.02.20 01:25:09.149,0.92514,0.92538,1.00,1.00
2018.02.20 01:25:10.531,0.92512,0.92538,1.00,1.00
2018.02.20 01:25:13.404,0.92513,0.92538,1.00,1.00
2018.02.20 01:25:13.506,0.92514,0.9254,1.00,1.00
2018.02.20 01:25:13.608,0.92517,0.92541,1.00,1.00
2018.02.20 01:25:14.452,0.92518,0.92541,1.00,1.00
2018.02.20 01:25:16.101,0.92519,0.92542,1.00,1.00
2018.02.20 01:25:16.703,0.9252,0.92543,1.00,1.00
2018.02.20 01:25:17.130,0.92521,0.92547,1.00,1.00
2018.02.20 01:25:17.181,0.92521,0.92545,1.00,1.00
2018.02.20 01:25:18.186,0.92522,0.92547,1.00,1.00
2018.02.20 01:25:18.658,0.9252,0.92547,1.00,1.00
2018.02.20 01:25:21.774,0.92523,0.92546,1.00,1.00
2018.02.20 01:25:22.457,0.92524,0.92548,1.00,1.00
2018.02.20 01:25:22.986,0.92523,0.92547,1.00,1.00
2018.02.20 01:25:28.929,0.92524,0.92548,1.00,1.00
2018.02.20 01:25:29.226,0.92522,0.92547,1.00,1.00
2018.02.20 01:25:29.277,0.92524,0.92549,1.00,1.00
2018.02.20 01:25:29.602,0.92524,0.92547,1.00,1.00
2018.02.20 01:25:31.850,0.92523,0.92545,1.00,1.00
2018.02.20 01:25:32.375,0.92523,0.92546,1.00,1.00
2018.02.20 01:25:33.094,0.92522,0.92545,1.00,1.00
2018.02.20 01:25:33.642,0.92523,0.92546,1.00,1.00
2018.02.20 01:25:37.797,0.92521,0.92546,1.00,1.00
2018.02.20 01:25:39.223,0.92519,0.92544,1.00,1.00
2018.02.20 01:25:39.561,0.92519,0.92542,1.00,1.00
2018.02.20 01:25:46.347,0.92518,0.92541,1.00,1.00
2018.02.20 01:25:46.775,0.92515,0.9254,1.00,1.00
2018.02.20 01:25:47.720,0.92518,0.92541,1.00,1.00
2018.02.20 01:25:48.560,0.92517,0.9254,1.00,1.00
2018.02.20 01:25:48.612,0.92518,0.92543,1.00,1.00
2018.02.20 01:25:48.715,0.9252,0.92543,1.00,1.00
2018.02.20 01:25:49.552,0.92522,0.92545,1.00,1.00
2018.02.20 01:25:49.764,0.92519,0.92544,1.00,1.00
2018.02.20 01:25:49.916,0.92525,0.9255,1.00,1.00
2018.02.20 01:25:50.470,0.92524,0.92549,1.00,1.00
2018.02.20 01:25:51.269,0.92523,0.92548,1.00,1.00
2018.02.20 01:25:53.805,0.9252,0.92545,1.00,1.00
2018.02.20 01:25:54.113,0.92523,0.92548,1.00,1.00
2018.02.20 01:25:54.434,0.92523,0.92546,1.00,1.00
2018.02.20 01:25:54.991,0.92522,0.92545,1.00,1.00
2018.02.20 01:26:00.197,0.9252,0.92543,1.00,1.00
2018.02.20 01:26:00.248,0.92518,0.92543,1.00,1.00
2018.02.20 01:26:00.680,0.92521,0.92543,1.00,1.00
2018.02.20 01:26:02.477,0.92523,0.92546,1.00,1.00
2018.02.20 01:26:03.180,0.92522,0.92547,1.00,1.00
2018.02.20 01:26:04.843,0.9252,0.92545,1.00,1.00
2018.02.20 01:26:05.157,0.92517,0.92542,1.00,1.00
2018.02.20 01:26:05.586,0.92519,0.92544,1.00,1.00
2018.02.20 01:26:05.893,0.92521,0.92544,1.00,1.00
2018.02.20 01:26:06.750,0.92522,0.92545,1.00,1.00
2018.02.20 01:26:07.263,0.92521,0.92544,1.00,1.00
2018.02.20 01:26:11.711,0.92522,0.92545,1.00,1.00
2018.02.20 01:26:11.813,0.92523,0.92548,1.00,1.00
2018.02.20 01:26:12.307,0.92522,0.92545,1.00,1.00
2018.02.20 01:26:12.394,0.92524,0.92549,1.00,1.00
2018.02.20 01:26:13.095,0.92525,0.92548,1.00,1.00
2018.02.20 01:26:13.642,0.92526,0.92549,1.00,1.00
2018.02.20 01:26:14.310,0.92524,0.92549,1.00,1.00
2018.02.20 01:26:20.370,0.92526,0.92549,1.00,1.00
2018.02.20 01:26:20.911,0.92527,0.9255,1.00,1.00
2018.02.20 01:26:20.962,0.92528,0.92553,1.00,1.00
2018.02.20 01:26:22.859,0.9253,0.92553,1.00,1.00
2018.02.20 01:26:24.820,0.92528,0.92551,1.00,1.00
2018.02.20 01:26:37.867,0.92527,0.9255,1.00,1.00
2018.02.20 01:26:38.818,0.92528,0.92553,1.00,1.00
2018.02.20 01:26:38.869,0.9253,0.92552,1.00,1.00
2018.02.20 01:26:42.465,0.92526,0.92551,1.00,1.00
2018.02.20 01:26:42.517,0.92528,0.92551,1.00,1.00
2018.02.20 01:26:42.670,0.92528,0.92553,1.00,1.00
2018.02.20 01:26:42.721,0.92526,0.92551,1.00,1.00
2018.02.20 01:26:43.247,0.92527,0.9255,1.00,1.00
2018.02.20 01:26:46.875,0.92528,0.92551,1.00,1.00
2018.02.20 01:26:52.014,0.92526,0.92551,1.00,1.00
2018.02.20 01:26:52.269,0.92529,0.92552,1.00,1.00
2018.02.20 01:26:52.897,0.9253,0.92553,1.00,1.00
2018.02.20 01:26:52.999,0.92528,0.92553,1.00,1.00
2018.02.20 01:26:54.847,0.92527,0.9255,1.00,1.00
2018.02.20 01:26:54.898,0.92527,0.92552,1.00,1.00
2018.02.20 01:27:04.247,0.92523,0.92546,1.00,1.00
2018.02.20 01:27:04.794,0.92521,0.92546,1.00,1.00
2018.02.20 01:27:07.927,0.9252,0.92545,1.00,1.00
2018.02.20 01:27:17.984,0.92522,0.92545,1.00,1.00
2018.02.20 01:27:18.612,0.92523,0.92546,1.00,1.00
2018.02.20 01:27:19.412,0.92524,0.92547,1.00,1.00
2018.02.20 01:27:19.625,0.92522,0.92547,1.00,1.00
2018.02.20 01:27:39.216,0.92523,0.92548,1.00,1.00
2018.02.20 01:27:39.911,0.92521,0.92547,1.00,1.00
2018.02.20 01:27:39.962,0.92523,0.92546,1.00,1.00
2018.02.20 01:27:40.020,0.92521,0.92547,1.00,1.00
2018.02.20 01:27:40.183,0.92524,0.92547,1.00,1.00
2018.02.20 01:27:40.481,0.92522,0.92546,1.00,1.00
2018.02.20 01:27:40.552,0.92523,0.92548,1.00,1.00
2018.02.20 01:27:40.779,0.92523,0.92546,1.00,1.00
2018.02.20 01:27:41.532,0.92521,0.92547,1.00,1.00
2018.02.20 01:27:42.181,0.92522,0.92547,1.00,1.00
2018.02.20 01:27:42.929,0.92522,0.92546,1.00,1.00
2018.02.20 01:27:44.013,0.92523,0.92547,1.00,1.00
2018.02.20 01:27:46.337,0.92522,0.92546,1.00,1.00
2018.02.20 01:27:46.388,0.92524,0.92546,1.00,1.00
2018.02.20 01:27:46.439,0.92522,0.92546,1.00,1.00
2018.02.20 01:27:46.584,0.92523,0.92548,1.00,1.00
2018.02.20 01:27:49.623,0.92521,0.92546,1.00,1.00
2018.02.20 01:27:50.461,0.92524,0.92547,1.00,1.00
2018.02.20 01:27:51.092,0.92525,0.92548,1.00,1.00
2018.02.20 01:28:01.736,0.92526,0.92549,1.00,1.00
2018.02.20 01:28:02.455,0.92527,0.9255,1.00,1.00
2018.02.20 01:28:04.584,0.92524,0.92549,1.00,1.00
2018.02.20 01:28:04.635,0.92521,0.92544,1.00,1.00
2018.02.20 01:28:05.155,0.92522,0.92545,1.00,1.00
2018.02.20 01:28:06.672,0.9252,0.92545,1.00,1.00
2018.02.20 01:28:07.309,0.9252,0.92543,1.00,1.00
2018.02.20 01:28:07.693,0.92517,0.9254,1.00,1.00
2018.02.20 01:28:09.062,0.92518,0.92541,1.00,1.00
2018.02.20 01:28:11.141,0.92515,0.9254,1.00,1.00
2018.02.20 01:28:11.243,0.92517,0.92542,1.00,1.00
2018.02.20 01:28:12.649,0.92517,0.9254,1.00,1.00
2018.02.20 01:28:15.232,0.92518,0.92542,1.00,1.00
2018.02.20 01:28:15.687,0.92517,0.9254,1.00,1.00
2018.02.20 01:28:15.889,0.92508,0.92533,1.50,1.00
2018.02.20 01:28:17.253,0.9251,0.92535,1.00,1.00
2018.02.20 01:28:18.960,0.92509,0.92534,1.00,1.00
2018.02.20 01:28:34.319,0.92513,0.92536,1.00,1.00
2018.02.20 01:28:34.372,0.92511,0.92536,1.00,1.00
2018.02.20 01:28:34.474,0.92509,0.92533,1.00,1.00
2018.02.20 01:28:34.525,0.92507,0.92532,1.50,1.00
2018.02.20 01:28:37.023,0.92506,0.92531,1.00,1.00
2018.02.20 01:28:37.431,0.92506,0.92529,1.00,1.00
2018.02.20 01:28:37.678,0.92509,0.92534,1.00,1.00
2018.02.20 01:28:37.832,0.92509,0.92532,1.00,1.00
2018.02.20 01:28:38.993,0.92507,0.92532,1.00,1.00
2018.02.20 01:28:39.145,0.9251,0.92533,1.00,1.00
2018.02.20 01:28:39.651,0.92511,0.92534,1.00,1.00
2018.02.20 01:28:43.889,0.92512,0.92537,1.00,1.00
2018.02.20 01:28:44.317,0.92507,0.92532,1.00,1.00
2018.02.20 01:28:44.950,0.92509,0.92532,1.00,1.00
2018.02.20 01:28:45.061,0.92507,0.92532,1.00,1.00
2018.02.20 01:28:45.823,0.92508,0.92533,1.00,1.00
2018.02.20 01:28:45.874,0.9251,0.92535,1.00,1.00
2018.02.20 01:28:46.487,0.9251,0.92533,1.00,1.00
2018.02.20 01:28:51.104,0.92512,0.92535,1.00,1.00
2018.02.20 01:28:51.306,0.92515,0.92539,1.00,1.00
2018.02.20 01:28:51.357,0.92513,0.92538,1.00,1.00
2018.02.20 01:28:52.636,0.92513,0.92537,1.00,1.00
2018.02.20 01:28:56.484,0.92513,0.92536,1.00,1.00
2018.02.20 01:29:00.667,0.92514,0.92539,1.00,1.00
2018.02.20 01:29:06.139,0.92517,0.9254,1.00,1.00
2018.02.20 01:29:06.240,0.92515,0.92539,1.00,1.00
2018.02.20 01:29:07.431,0.92517,0.9254,1.00,1.00
2018.02.20 01:29:08.370,0.92516,0.92539,1.00,1.00
2018.02.20 01:29:13.079,0.92514,0.92539,1.00,1.00
2018.02.20 01:29:13.537,0.92512,0.92537,1.00,1.00
2018.02.20 01:29:14.032,0.92512,0.92535,1.00,1.00
2018.02.20 01:29:16.075,0.92511,0.92534,1.00,1.00
2018.02.20 01:29:22.498,0.92505,0.92528,1.00,1.00
2018.02.20 01:29:22.684,0.92503,0.92528,1.00,1.00
2018.02.20 01:29:23.681,0.92504,0.92529,1.00,1.00
2018.02.20 01:29:24.000,0.92502,0.92527,1.00,1.00
2018.02.20 01:29:24.432,0.92504,0.92527,1.00,1.00
2018.02.20 01:29:25.845,0.92503,0.92527,1.00,1.00
2018.02.20 01:29:28.273,0.92505,0.92528,1.00,1.00
2018.02.20 01:29:29.222,0.92506,0.92529,1.00,1.00
2018.02.20 01:29:30.636,0.92507,0.9253,1.00,1.00
2018.02.20 01:29:30.838,0.92504,0.92529,1.00,1.00
2018.02.20 01:29:30.940,0.925,0.92525,1.00,1.00
2018.02.20 01:29:31.274,0.92498,0.92521,1.00,1.00
2018.02.20 01:29:33.261,0.925,0.92524,1.00,1.00
2018.02.20 01:29:33.312,0.92502,0.92528,1.00,1.50
2018.02.20 01:29:36.117,0.92504,0.92527,1.00,1.00
2018.02.20 01:29:36.221,0.92502,0.92528,1.00,1.00
2018.02.20 01:29:36.675,0.92499,0.92524,1.00,1.00
2018.02.20 01:29:37.143,0.92501,0.92524,1.00,1.00
2018.02.20 01:29:37.687,0.92499,0.92522,1.00,1.00
2018.02.20 01:29:38.227,0.92497,0.92522,1.00,1.00
2018.02.20 01:29:38.646,0.92501,0.92526,1.00,1.00
2018.02.20 01:29:39.146,0.92507,0.9253,1.00,1.00
2018.02.20 01:29:48.435,0.92508,0.92531,1.00,1.00
2018.02.20 01:29:49.392,0.92509,0.92534,1.00,1.00
2018.02.20 01:29:49.962,0.92511,0.92534,1.00,1.00
2018.02.20 01:29:50.378,0.925,0.92523,1.00,1.00
2018.02.20 01:29:51.040,0.92498,0.92523,1.00,1.00
2018.02.20 01:29:52.760,0.925,0.92523,1.00,1.00
2018.02.20 01:29:53.256,0.925,0.92525,1.00,1.00
2018.02.20 01:29:55.607,0.92499,0.92522,1.00,1.00
2018.02.20 01:30:01.664,0.92497,0.92522,1.00,1.00
2018.02.20 01:30:01.765,0.92496,0.92519,1.00,1.00
2018.02.20 01:30:02.119,0.92494,0.92517,1.00,1.00
2018.02.20 01:30:04.091,0.92492,0.92515,1.00,1.00
2018.02.20 01:30:04.605,0.92491,0.92516,1.00,1.00
2018.02.20 01:30:05.571,0.9249,0.92515,1.00,1.00
2018.02.20 01:30:09.785,0.92492,0.92515,1.00,1.00
2018.02.20 01:30:10.324,0.92493,0.92516,1.00,1.00
2018.02.20 01:30:10.425,0.92491,0.92516,1.00,1.00
2018.02.20 01:30:10.531,0.9249,0.92513,1.00,1.00
2018.02.20 01:30:10.635,0.92487,0.92511,1.00,1.00
2018.02.20 01:30:10.686,0.92489,0.92512,1.00,1.00
2018.02.20 01:30:10.810,0.92491,0.92516,1.00,2.25
2018.02.20 01:30:10.928,0.9249,0.92513,1.00,1.00
2018.02.20 01:30:11.894,0.92493,0.92516,1.00,1.00
2018.02.20 01:30:12.648,0.92494,0.92517,1.00,1.00
2018.02.20 01:30:12.956,0.92492,0.92515,1.00,1.00
2018.02.20 01:30:15.047,0.92492,0.92517,1.00,1.00
2018.02.20 01:30:16.514,0.92492,0.92516,1.00,1.00
2018.02.20 01:30:20.251,0.9249,0.92515,1.00,1.00
2018.02.20 01:30:20.384,0.92489,0.92513,1.00,1.00
2018.02.20 01:30:21.782,0.9249,0.92516,1.00,1.00
2018.02.20 01:30:23.053,0.92488,0.92515,1.00,1.00
2018.02.20 01:30:23.569,0.92491,0.92515,1.00,1.00
2018.02.20 01:30:23.720,0.92491,0.92518,1.00,1.00
2018.02.20 01:30:25.088,0.92491,0.92515,1.00,1.00
2018.02.20 01:30:32.505,0.92487,0.92514,1.00,1.00
2018.02.20 01:30:33.912,0.9249,0.92515,1.00,1.00
2018.02.20 01:30:34.403,0.92492,0.92517,1.00,1.00
2018.02.20 01:30:36.716,0.92494,0.92517,1.00,1.00
2018.02.20 01:30:37.143,0.92496,0.92519,1.00,1.00
2018.02.20 01:30:38.586,0.92497,0.9252,1.00,1.00
2018.02.20 01:30:47.792,0.92496,0.92519,1.00,1.00
2018.02.20 01:30:48.539,0.92497,0.9252,1.00,1.00
2018.02.20 01:30:52.875,0.92497,0.92522,1.00,1.00
2018.02.20 01:30:53.377,0.92497,0.9252,1.00,1.00
2018.02.20 01:30:56.440,0.92495,0.92518,1.00,1.00
2018.02.20 01:30:56.612,0.92491,0.92518,2.25,1.00
2018.02.20 01:30:56.663,0.92496,0.92523,1.00,1.00
2018.02.20 01:30:56.991,0.92493,0.9252,1.00,1.00
2018.02.20 01:30:57.092,0.92491,0.92519,2.25,1.00
2018.02.20 01:30:57.817,0.92492,0.92519,1.00,1.00
2018.02.20 01:30:58.457,0.92491,0.92519,2.25,1.00
2018.02.20 01:31:00.835,0.92491,0.92518,1.50,1.00
2018.02.20 01:31:01.390,0.9249,0.92518,1.00,1.00
2018.02.20 01:31:04.111,0.92492,0.92518,1.00,1.00
2018.02.20 01:31:04.415,0.9249,0.92516,1.00,1.00
2018.02.20 01:31:04.517,0.92491,0.92518,1.00,1.00
2018.02.20 01:31:05.062,0.92492,0.92519,1.00,1.00
2018.02.20 01:31:05.784,0.92492,0.9252,1.00,1.00
2018.02.20 01:31:06.176,0.92493,0.92518,1.00,1.00
2018.02.20 01:31:06.227,0.92493,0.9252,1.00,1.00
2018.02.20 01:31:06.412,0.92496,0.92521,1.00,1.00
2018.02.20 01:31:07.119,0.92496,0.92522,1.00,1.00
2018.02.20 01:31:07.221,0.92494,0.92521,1.00,1.00
2018.02.20 01:31:07.276,0.92494,0.92519,1.50,1.00
2018.02.20 01:31:07.533,0.92492,0.92519,1.00,1.00
2018.02.20 01:31:07.735,0.92489,0.92517,1.00,1.00
2018.02.20 01:31:08.410,0.92488,0.92517,2.25,1.00
2018.02.20 01:31:08.937,0.92493,0.92519,1.00,1.00
2018.02.20 01:31:09.192,0.92488,0.92515,1.00,1.00
2018.02.20 01:31:09.896,0.92489,0.92516,1.00,1.00
2018.02.20 01:31:10.853,0.92488,0.92515,1.00,1.00
2018.02.20 01:31:12.680,0.92488,0.92516,1.00,1.00
2018.02.20 01:31:12.731,0.92489,0.92514,1.00,1.00
2018.02.20 01:31:12.832,0.92491,0.92517,1.00,1.00
2018.02.20 01:31:12.953,0.92496,0.92521,1.00,1.00
2018.02.20 01:31:13.808,0.92496,0.92522,1.50,1.00
2018.02.20 01:31:14.503,0.92493,0.92521,1.00,1.00
2018.02.20 01:31:14.896,0.92495,0.9252,1.00,1.00
2018.02.20 01:31:15.002,0.92489,0.92516,1.00,1.00
2018.02.20 01:31:16.009,0.92488,0.92514,1.50,1.00
2018.02.20 01:31:18.326,0.9249,0.92515,1.00,1.00
2018.02.20 01:31:18.614,0.92488,0.92515,1.50,1.00
2018.02.20 01:31:19.802,0.92489,0.92516,1.00,1.00
2018.02.20 01:31:19.853,0.92491,0.92516,1.00,1.00
2018.02.20 01:31:20.310,0.92493,0.92518,1.00,1.00
2018.02.20 01:31:20.688,0.92491,0.92515,1.50,1.00
2018.02.20 01:31:20.789,0.92489,0.92515,1.00,1.00
2018.02.20 01:31:21.408,0.92487,0.92514,1.50,1.00
2018.02.20 01:31:21.459,0.92485,0.92512,1.00,1.00
2018.02.20 01:31:21.785,0.92487,0.92514,1.00,1.00
2018.02.20 01:31:23.344,0.92485,0.92511,1.00,1.00
2018.02.20 01:31:23.674,0.92487,0.92513,1.00,1.00
2018.02.20 01:31:24.884,0.92489,0.92514,1.00,1.00
2018.02.20 01:31:26.440,0.92486,0.92515,1.00,1.00
2018.02.20 01:31:27.730,0.92491,0.92519,1.00,1.00
2018.02.20 01:31:28.068,0.9249,0.92517,1.00,1.00
2018.02.20 01:31:29.210,0.9249,0.92516,1.00,1.00
2018.02.20 01:31:29.718,0.92489,0.92514,1.00,1.00
2018.02.20 01:31:30.094,0.92487,0.92514,1.00,1.00
2018.02.20 01:31:33.499,0.92486,0.92513,1.50,1.00
2018.02.20 01:31:38.423,0.92488,0.92513,1.00,1.00
2018.02.20 01:31:38.729,0.92486,0.92511,1.00,1.00
2018.02.20 01:31:38.932,0.92486,0.92514,1.00,1.00
2018.02.20 01:31:39.816,0.92488,0.92513,1.00,1.00
2018.02.20 01:31:41.303,0.92487,0.92512,1.00,1.00
2018.02.20 01:31:41.862,0.92487,0.92513,1.00,1.00
2018.02.20 01:31:41.963,0.92485,0.92513,1.00,1.00
2018.02.20 01:31:42.014,0.92488,0.92513,1.00,1.00
2018.02.20 01:31:43.504,0.92486,0.92513,1.00,1.00
2018.02.20 01:31:44.170,0.92487,0.92515,1.00,1.00
2018.02.20 01:31:46.894,0.92487,0.92512,1.00,1.00
2018.02.20 01:31:47.695,0.92484,0.92511,1.00,1.00
2018.02.20 01:31:48.764,0.9248,0.92505,1.00,1.00
2018.02.20 01:31:49.301,0.92479,0.92505,1.00,1.00
2018.02.20 01:31:52.996,0.92479,0.92506,1.00,1.00
2018.02.20 01:31:57.616,0.92481,0.92507,1.00,1.00
2018.02.20 01:31:57.919,0.92479,0.92505,1.00,1.00
2018.02.20 01:31:59.231,0.92484,0.92511,1.00,1.00
2018.02.20 01:31:59.282,0.92484,0.92509,1.00,1.00
2018.02.20 01:31:59.539,0.92478,0.92504,1.00,1.00
2018.02.20 01:32:00.653,0.92477,0.92504,1.00,1.00
2018.02.20 01:32:00.784,0.92479,0.92505,1.00,1.00
2018.02.20 01:32:01.105,0.92485,0.9251,1.00,1.00
2018.02.20 01:32:03.710,0.92486,0.92512,1.00,1.00
2018.02.20 01:32:04.349,0.92485,0.9251,1.00,1.00
2018.02.20 01:32:08.025,0.92486,0.92511,1.00,1.00
2018.02.20 01:32:08.657,0.9248,0.92506,1.50,1.00
2018.02.20 01:32:08.762,0.92478,0.92506,1.00,1.00
2018.02.20 01:32:17.083,0.92481,0.92509,1.00,1.00
2018.02.20 01:32:17.389,0.92486,0.92513,1.00,1.00
2018.02.20 01:32:17.818,0.92485,0.92511,1.00,1.00
2018.02.20 01:32:20.121,0.92486,0.92511,1.00,1.00
2018.02.20 01:32:21.198,0.92487,0.92512,1.00,1.00
2018.02.20 01:32:21.388,0.92485,0.92512,1.00,1.00
2018.02.20 01:32:26.697,0.92488,0.92513,1.00,1.00
2018.02.20 01:32:26.748,0.92489,0.92515,1.00,1.00
2018.02.20 01:32:38.087,0.92489,0.92514,1.00,1.00
2018.02.20 01:32:53.116,0.92489,0.92515,1.00,1.00
2018.02.20 01:32:55.398,0.92494,0.92521,1.00,1.00
2018.02.20 01:32:55.449,0.92496,0.92523,1.00,1.00
2018.02.20 01:32:55.952,0.92491,0.92518,1.00,1.00
2018.02.20 01:33:04.975,0.92494,0.92521,1.00,1.00
2018.02.20 01:33:08.646,0.92496,0.92521,1.00,1.00
2018.02.20 01:33:16.164,0.92494,0.92519,1.00,1.00
2018.02.20 01:33:23.726,0.92492,0.9252,1.00,1.00
2018.02.20 01:33:25.271,0.92492,0.92519,1.00,1.00
2018.02.20 01:33:33.204,0.92494,0.92521,1.00,1.00
2018.02.20 01:33:33.507,0.92485,0.9251,1.00,1.00
2018.02.20 01:33:34.686,0.92483,0.9251,1.00,1.00
2018.02.20 01:33:38.206,0.92483,0.92509,1.00,1.00
2018.02.20 01:33:38.757,0.92484,0.92509,1.00,1.00
2018.02.20 01:33:39.460,0.92484,0.92511,1.00,1.00
2018.02.20 01:33:40.948,0.92488,0.92516,1.00,1.00
2018.02.20 01:33:47.536,0.92489,0.92516,1.00,1.00
2018.02.20 01:33:48.503,0.9249,0.92517,1.00,1.00
2018.02.20 01:33:52.546,0.92491,0.92517,1.00,1.00
2018.02.20 01:33:53.754,0.92489,0.92517,1.00,1.00
2018.02.20 01:34:01.806,0.92489,0.92515,1.00,1.00
2018.02.20 01:34:02.139,0.92493,0.92518,1.00,1.00
2018.02.20 01:34:03.535,0.9249,0.92517,1.00,1.00
2018.02.20 01:34:03.738,0.92491,0.92519,1.00,1.00
2018.02.20 01:34:03.906,0.92492,0.92517,1.00,1.00
2018.02.20 01:34:04.436,0.92491,0.92517,1.00,1.00
2018.02.20 01:34:04.647,0.92489,0.92516,1.00,1.00
2018.02.20 01:34:04.865,0.92491,0.92517,1.00,1.00
2018.02.20 01:34:05.435,0.92492,0.92518,1.00,1.00
2018.02.20 01:34:07.303,0.9249,0.92516,1.00,1.00
2018.02.20 01:34:07.422,0.92492,0.92519,1.00,1.00
2018.02.20 01:34:07.473,0.9249,0.92516,1.00,1.00
2018.02.20 01:34:07.583,0.9249,0.92518,1.00,1.00
2018.02.20 01:34:07.634,0.9249,0.92515,1.00,1.00
2018.02.20 01:34:07.735,0.92488,0.92514,1.00,1.00
2018.02.20 01:34:07.835,0.92486,0.92512,1.00,1.00
2018.02.20 01:34:07.937,0.92482,0.9251,1.00,1.00
2018.02.20 01:34:08.038,0.92484,0.9251,1.00,1.00
2018.02.20 01:34:08.581,0.92488,0.92513,1.00,1.00
2018.02.20 01:34:09.309,0.92488,0.92514,1.00,1.00
2018.02.20 01:34:09.498,0.92486,0.92514,1.00,1.00
2018.02.20 01:34:09.707,0.92485,0.92512,1.00,1.00
2018.02.20 01:34:11.241,0.92488,0.92514,1.00,1.00
2018.02.20 01:34:11.576,0.92496,0.92522,1.00,1.00
2018.02.20 01:34:17.203,0.92496,0.92523,1.00,1.00
2018.02.20 01:34:17.734,0.92495,0.92522,1.00,1.00
2018.02.20 01:34:20.271,0.92497,0.92522,1.00,1.00
2018.02.20 01:34:23.444,0.92499,0.92525,1.00,1.00
2018.02.20 01:34:23.495,0.925,0.92527,1.00,1.00
2018.02.20 01:34:23.648,0.925,0.92525,1.00,1.00
2018.02.20 01:34:23.750,0.925,0.92527,1.00,1.00
2018.02.20 01:34:24.496,0.92495,0.92521,1.00,1.00
2018.02.20 01:34:25.948,0.92493,0.9252,1.00,1.00
2018.02.20 01:34:26.143,0.92495,0.9252,1.00,1.00
2018.02.20 01:34:26.194,0.92492,0.9252,2.25,1.00
2018.02.20 01:34:27.664,0.92491,0.92518,1.00,1.00
2018.02.20 01:34:28.196,0.92491,0.92517,1.00,1.00
2018.02.20 01:34:31.296,0.92492,0.92518,1.00,1.00
2018.02.20 01:34:36.869,0.92491,0.92516,1.00,1.00
2018.02.20 01:34:39.872,0.92493,0.92518,1.00,1.00
2018.02.20 01:34:39.923,0.92491,0.92518,1.00,1.00
2018.02.20 01:34:43.811,0.92489,0.92514,1.00,1.00
2018.02.20 01:34:48.742,0.92491,0.92517,1.00,1.00
2018.02.20 01:34:48.944,0.92493,0.92518,1.00,1.00
2018.02.20 01:34:51.029,0.92494,0.92519,1.00,1.00
2018.02.20 01:34:52.005,0.92495,0.9252,1.00,1.00
2018.02.20 01:34:53.355,0.92493,0.92521,1.00,1.00
2018.02.20 01:34:53.880,0.92493,0.9252,1.00,1.00
2018.02.20 01:34:54.032,0.92492,0.92517,1.00,1.00
2018.02.20 01:35:00.200,0.9249,0.92516,1.00,1.00
2018.02.20 01:35:00.354,0.92489,0.92514,1.00,1.00
2018.02.20 01:35:01.693,0.92489,0.92516,1.00,1.00
2018.02.20 01:35:02.836,0.92489,0.92518,1.00,1.00
2018.02.20 01:35:02.938,0.92492,0.92519,1.00,1.00
2018.02.20 01:35:03.758,0.92491,0.92518,1.00,1.00
2018.02.20 01:35:04.279,0.92492,0.92518,1.00,1.00
2018.02.20 01:35:06.721,0.92491,0.92516,1.00,1.00
2018.02.20 01:35:09.188,0.92492,0.92518,1.00,1.00
2018.02.20 01:35:09.706,0.92493,0.92518,1.00,1.00
2018.02.20 01:35:10.189,0.92493,0.92521,1.00,1.00
2018.02.20 01:35:10.932,0.92493,0.92518,1.00,1.00
2018.02.20 01:35:11.585,0.92494,0.92519,1.00,1.00
2018.02.20 01:35:11.643,0.92494,0.92521,1.00,1.00
2018.02.20 01:35:11.694,0.92497,0.92522,1.00,1.00
2018.02.20 01:35:13.290,0.92497,0.92524,1.00,1.00
2018.02.20 01:35:14.496,0.92497,0.92522,1.00,1.00
2018.02.20 01:35:15.446,0.92498,0.92523,1.00,1.00
2018.02.20 01:35:15.905,0.92496,0.92524,1.00,1.00
2018.02.20 01:35:17.975,0.92499,0.92527,1.00,1.00
2018.02.20 01:35:18.837,0.925,0.92528,1.00,1.00
2018.02.20 01:35:19.219,0.925,0.92526,1.00,1.00
2018.02.20 01:35:19.562,0.92499,0.92524,1.00,1.00
2018.02.20 01:35:19.613,0.92499,0.92526,1.00,1.00
2018.02.20 01:35:21.113,0.925,0.92526,1.00,1.00
2018.02.20 01:35:21.702,0.92501,0.92527,1.00,1.00
2018.02.20 01:35:23.917,0.92501,0.92526,1.00,1.00
2018.02.20 01:35:38.438,0.92502,0.92527,1.00,1.00
2018.02.20 01:35:53.181,0.92501,0.92526,1.00,1.00
2018.02.20 01:35:53.343,0.92499,0.92524,1.00,1.00
2018.02.20 01:35:53.393,0.92497,0.92525,1.00,1.00
2018.02.20 01:35:53.646,0.92498,0.92523,1.00,1.00
2018.02.20 01:35:54.609,0.92497,0.92522,1.00,1.00
2018.02.20 01:35:58.104,0.92497,0.92525,1.00,1.00
2018.02.20 01:35:58.254,0.92492,0.92517,1.00,1.00
2018.02.20 01:35:58.632,0.92488,0.92513,1.00,1.00
2018.02.20 01:35:59.166,0.92485,0.92513,1.00,1.00
2018.02.20 01:35:59.267,0.92488,0.92513,1.00,1.00
2018.02.20 01:36:00.725,0.92485,0.92514,1.00,1.00
2018.02.20 01:36:03.078,0.92488,0.92513,1.00,1.00
2018.02.20 01:36:03.587,0.92485,0.92514,1.00,1.00
2018.02.20 01:36:03.637,0.92487,0.92514,1.00,1.00
2018.02.20 01:36:03.962,0.9249,0.92516,1.00,1.00
2018.02.20 01:36:04.280,0.92489,0.92514,1.00,1.00
2018.02.20 01:36:04.881,0.92486,0.92514,1.00,1.00
2018.02.20 01:36:09.213,0.92485,0.92512,1.00,1.00
2018.02.20 01:36:09.691,0.92489,0.92516,1.00,1.00
2018.02.20 01:36:10.291,0.92491,0.92516,1.00,1.00
2018.02.20 01:36:10.710,0.92487,0.92513,1.00,1.00
2018.02.20 01:36:11.657,0.92485,0.92512,1.00,1.00
2018.02.20 01:36:12.374,0.92487,0.92513,1.00,1.00
2018.02.20 01:36:12.475,0.92485,0.92512,1.00,1.00
2018.02.20 01:36:18.186,0.92488,0.92513,1.00,1.00
2018.02.20 01:36:18.797,0.92487,0.92515,1.00,1.00
2018.02.20 01:36:20.049,0.92486,0.92514,1.00,1.00
2018.02.20 01:36:22.357,0.92487,0.92515,1.00,1.00
2018.02.20 01:36:22.951,0.92486,0.92514,1.00,1.00
2018.02.20 01:36:24.036,0.92486,0.92513,1.00,1.00
2018.02.20 01:36:26.549,0.92485,0.92512,1.00,1.00
2018.02.20 01:36:27.079,0.92484,0.92512,1.00,1.00
2018.02.20 01:36:27.584,0.92487,0.92513,1.00,1.00
2018.02.20 01:36:28.170,0.92485,0.92513,1.00,1.00
2018.02.20 01:36:28.678,0.92487,0.92515,1.00,1.00
2018.02.20 01:36:28.989,0.92494,0.92519,1.00,1.00
2018.02.20 01:36:29.905,0.92494,0.9252,1.00,1.00
2018.02.20 01:36:30.659,0.92495,0.9252,1.00,1.00
2018.02.20 01:36:36.360,0.92496,0.92522,1.00,1.00
2018.02.20 01:36:38.409,0.92494,0.92522,1.00,1.00
2018.02.20 01:36:41.076,0.92497,0.92523,1.00,1.00
2018.02.20 01:36:43.564,0.92496,0.92521,1.00,1.00
2018.02.20 01:36:46.094,0.92496,0.92523,1.00,1.00
2018.02.20 01:36:47.087,0.92499,0.92525,1.00,1.00
2018.02.20 01:36:47.630,0.92498,0.92524,1.00,1.00
2018.02.20 01:36:51.778,0.92496,0.92524,1.00,1.00
2018.02.20 01:36:53.596,0.92496,0.92523,1.00,1.00
2018.02.20 01:36:54.097,0.92498,0.92523,1.00,1.00
2018.02.20 01:36:56.125,0.92496,0.92523,1.00,1.00
2018.02.20 01:36:56.226,0.92496,0.92521,1.00,1.00
2018.02.20 01:37:09.126,0.92494,0.92522,1.00,1.00
2018.02.20 01:37:09.366,0.92496,0.92521,1.00,1.00
2018.02.20 01:37:15.649,0.92499,0.92524,1.00,1.00
2018.02.20 01:37:15.911,0.92501,0.92529,1.00,1.50
2018.02.20 01:37:16.207,0.92499,0.92527,1.00,1.00
2018.02.20 01:37:16.861,0.92497,0.92523,1.00,1.00
2018.02.20 01:37:17.912,0.92496,0.92521,1.00,1.00
2018.02.20 01:37:24.162,0.92495,0.9252,1.00,1.00
2018.02.20 01:37:33.273,0.92493,0.9252,1.00,1.00
2018.02.20 01:37:33.652,0.92491,0.92519,1.00,1.00
2018.02.20 01:37:33.753,0.92491,0.92517,1.00,1.00
2018.02.20 01:37:35.079,0.92495,0.9252,1.00,1.00
2018.02.20 01:37:38.681,0.92492,0.92517,2.25,1.00
2018.02.20 01:37:39.187,0.92491,0.92519,1.00,1.00
2018.02.20 01:37:40.249,0.92494,0.9252,1.00,1.00
2018.02.20 01:37:43.276,0.92491,0.92518,1.00,1.00
2018.02.20 01:37:47.487,0.9249,0.92517,1.00,1.00
2018.02.20 01:37:47.777,0.92492,0.92519,1.00,1.00
2018.02.20 01:37:50.209,0.92495,0.9252,1.00,1.00
2018.02.20 01:37:51.206,0.92493,0.92519,1.00,1.00
2018.02.20 01:37:51.760,0.92494,0.92519,1.00,1.00
2018.02.20 01:37:53.769,0.92491,0.92519,1.00,1.00
2018.02.20 01:37:53.841,0.9249,0.92517,1.00,1.00
2018.02.20 01:37:54.165,0.92487,0.92514,1.00,1.00
2018.02.20 01:37:54.317,0.92486,0.92516,1.00,1.00
2018.02.20 01:37:54.999,0.92491,0.92516,1.00,1.00
2018.02.20 01:37:55.881,0.9249,0.92515,1.00,1.00
2018.02.20 01:37:56.221,0.92496,0.92519,1.00,1.00
2018.02.20 01:37:56.560,0.92494,0.92517,1.00,1.00
2018.02.20 01:37:57.640,0.92493,0.92516,1.00,1.00
2018.02.20 01:38:08.037,0.92495,0.92518,1.00,1.00
2018.02.20 01:38:11.356,0.92492,0.92517,1.00,1.00
2018.02.20 01:38:11.503,0.9249,0.92515,1.00,1.00
2018.02.20 01:38:20.699,0.92489,0.92514,1.00,1.00
2018.02.20 01:38:23.594,0.92492,0.92515,1.00,1.00
2018.02.20 01:38:24.277,0.92492,0.92517,1.00,1.00
2018.02.20 01:38:28.482,0.92494,0.92517,1.00,1.00
2018.02.20 01:38:28.533,0.92491,0.92516,1.00,1.00
2018.02.20 01:38:28.584,0.92491,0.92518,1.00,1.00
2018.02.20 01:38:28.685,0.92489,0.92518,1.35,1.00
2018.02.20 01:38:31.399,0.92489,0.92515,1.00,1.00
2018.02.20 01:38:32.036,0.92487,0.92513,1.00,1.00
2018.02.20 01:38:32.090,0.92483,0.92511,1.00,1.00
2018.02.20 01:38:32.194,0.92479,0.92507,1.00,1.00
2018.02.20 01:38:32.560,0.92482,0.92507,1.00,1.00
2018.02.20 01:38:32.613,0.92482,0.92509,1.00,1.00
2018.02.20 01:38:34.072,0.9248,0.92508,1.00,1.00
2018.02.20 01:38:35.391,0.92481,0.92509,1.00,1.00
2018.02.20 01:38:36.543,0.9248,0.92506,1.00,1.00
2018.02.20 01:38:36.828,0.92478,0.92506,1.00,1.00
2018.02.20 01:38:36.879,0.92477,0.92504,1.00,1.00
2018.02.20 01:38:37.181,0.92482,0.92509,1.00,1.00
2018.02.20 01:38:37.841,0.92481,0.92508,1.00,1.00
2018.02.20 01:38:38.786,0.92481,0.92509,1.00,1.00
2018.02.20 01:38:39.306,0.9248,0.92509,1.00,1.00
2018.02.20 01:38:39.941,0.92481,0.92509,1.00,1.00
2018.02.20 01:38:43.462,0.92478,0.92506,1.00,1.00
2018.02.20 01:38:43.896,0.92472,0.925,1.00,1.00
2018.02.20 01:38:45.898,0.92474,0.925,1.00,1.00
2018.02.20 01:38:51.408,0.92475,0.92503,1.00,1.00
2018.02.20 01:38:52.099,0.92476,0.92504,1.00,1.00
2018.02.20 01:38:53.836,0.92476,0.92503,1.00,1.00
2018.02.20 01:38:55.194,0.92473,0.92501,1.00,1.00
2018.02.20 01:38:55.346,0.92473,0.92499,1.00,1.00
2018.02.20 01:38:55.580,0.92475,0.92502,1.00,1.00
2018.02.20 01:38:56.088,0.92475,0.92506,1.00,1.00
2018.02.20 01:38:56.140,0.92476,0.92502,1.00,1.00
2018.02.20 01:39:00.511,0.92476,0.92505,1.00,1.00
2018.02.20 01:39:00.640,0.92475,0.92503,1.00,1.00
2018.02.20 01:39:00.980,0.92477,0.92503,1.00,1.00
2018.02.20 01:39:02.602,0.9248,0.92506,1.00,1.00
2018.02.20 01:39:03.548,0.9248,0.92507,1.00,1.00
2018.02.20 01:39:04.121,0.92479,0.92506,1.00,1.00
2018.02.20 01:39:04.645,0.92477,0.92504,1.00,1.00
2018.02.20 01:39:04.966,0.9248,0.92506,1.00,1.00
2018.02.20 01:39:05.549,0.92479,0.92505,1.00,1.00
2018.02.20 01:39:07.350,0.92479,0.92507,1.00,1.00
2018.02.20 01:39:08.245,0.9248,0.92506,1.00,1.00
2018.02.20 01:39:08.865,0.92481,0.92507,1.00,1.00
2018.02.20 01:39:12.237,0.92477,0.92503,1.00,1.00
2018.02.20 01:39:15.711,0.9248,0.92506,1.00,1.00
2018.02.20 01:39:20.826,0.92478,0.92504,1.00,1.00
2018.02.20 01:39:21.127,0.92479,0.92506,1.00,1.00
2018.02.20 01:39:23.896,0.92478,0.92505,1.00,1.00
2018.02.20 01:39:26.620,0.92477,0.92504,1.00,1.00
2018.02.20 01:39:26.886,0.92475,0.92504,1.50,1.00
2018.02.20 01:39:28.172,0.92477,0.92505,1.00,1.00
2018.02.20 01:39:30.796,0.92477,0.92503,1.00,1.00
2018.02.20 01:39:32.977,0.92477,0.92504,1.00,1.00
2018.02.20 01:39:37.755,0.92482,0.92508,1.00,1.00
2018.02.20 01:39:38.007,0.9248,0.92508,1.00,1.00
2018.02.20 01:39:38.789,0.92479,0.92507,1.00,1.00
2018.02.20 01:39:43.425,0.92481,0.92507,1.00,1.00
2018.02.20 01:39:45.355,0.92482,0.92509,1.00,1.00
2018.02.20 01:39:49.476,0.92481,0.92507,1.00,1.00
2018.02.20 01:39:49.699,0.92474,0.92502,1.50,1.00
2018.02.20 01:39:50.376,0.92473,0.92501,1.00,1.00
2018.02.20 01:39:50.492,0.92473,0.92499,1.00,1.00
2018.02.20 01:39:50.543,0.92473,0.92501,1.00,1.00
2018.02.20 01:39:51.547,0.92478,0.92504,1.00,1.00
2018.02.20 01:39:51.649,0.92478,0.92506,1.00,1.00
2018.02.20 01:39:56.540,0.9248,0.92508,1.00,1.00
2018.02.20 01:39:56.890,0.92483,0.92509,1.00,1.35
2018.02.20 01:39:57.003,0.92481,0.92509,1.00,1.35
2018.02.20 01:39:57.055,0.92483,0.92509,1.00,1.35
2018.02.20 01:39:57.217,0.92481,0.92509,1.00,1.35
2018.02.20 01:39:57.329,0.92481,0.92509,1.00,1.60
2018.02.20 01:39:57.887,0.92479,0.92505,1.00,1.00
2018.02.20 01:40:09.486,0.9248,0.92506,1.00,1.00
2018.02.20 01:40:12.912,0.9248,0.92508,1.00,1.00
2018.02.20 01:40:12.963,0.92483,0.92509,1.00,1.00
2018.02.20 01:40:20.116,0.92481,0.92508,1.00,1.00
2018.02.20 01:40:20.167,0.9248,0.92506,1.50,1.00
2018.02.20 01:40:24.050,0.92476,0.92504,1.00,1.00
2018.02.20 01:40:24.102,0.92475,0.92501,1.50,1.00
2018.02.20 01:40:24.204,0.92473,0.92501,1.00,1.35
2018.02.20 01:40:24.358,0.92468,0.92496,1.00,1.00
2018.02.20 01:40:25.388,0.92467,0.92493,1.00,1.00
2018.02.20 01:40:31.968,0.9247,0.92496,1.00,1.60
2018.02.20 01:40:32.479,0.9247,0.92496,1.00,1.00
2018.02.20 01:40:36.013,0.92467,0.92493,1.00,1.00
2018.02.20 01:40:36.326,0.92467,0.92495,1.00,1.00
2018.02.20 01:40:38.514,0.92469,0.92495,1.00,1.00
2018.02.20 01:40:38.860,0.92471,0.92497,1.00,1.00
2018.02.20 01:40:46.521,0.92469,0.92495,1.00,1.00
2018.02.20 01:40:49.396,0.9247,0.92496,1.00,1.00
2018.02.20 01:40:50.026,0.92471,0.92497,1.00,1.00
2018.02.20 01:40:54.577,0.92471,0.92499,1.00,1.00
2018.02.20 01:40:57.892,0.92474,0.925,1.00,1.00
2018.02.20 01:40:58.628,0.92474,0.92502,1.00,1.00
2018.02.20 01:41:04.412,0.92476,0.92502,1.00,1.00
2018.02.20 01:41:04.463,0.92481,0.92509,1.00,1.50
2018.02.20 01:41:05.516,0.92483,0.92509,1.00,1.00
2018.02.20 01:41:05.995,0.9248,0.92507,1.50,1.00
2018.02.20 01:41:08.317,0.92481,0.92507,1.00,1.00
2018.02.20 01:41:09.173,0.92482,0.92508,1.00,1.00
2018.02.20 01:41:09.657,0.9249,0.92513,1.00,1.00
2018.02.20 01:41:09.758,0.92496,0.92524,2.25,1.00
2018.02.20 01:41:09.910,0.92498,0.92524,1.00,1.00
2018.02.20 01:41:10.011,0.92496,0.92525,2.25,1.00
2018.02.20 01:41:10.062,0.92499,0.92525,1.00,1.00
2018.02.20 01:41:24.890,0.92499,0.92527,1.00,1.00
2018.02.20 01:41:29.588,0.92501,0.92529,1.00,1.00
2018.02.20 01:41:30.226,0.92503,0.92529,1.00,1.00
2018.02.20 01:41:30.592,0.92501,0.92527,1.00,1.00
2018.02.20 01:41:30.685,0.92499,0.92527,1.00,1.00
2018.02.20 01:41:30.736,0.92497,0.92525,1.50,1.00
2018.02.20 01:41:31.090,0.92495,0.92521,1.00,1.00
2018.02.20 01:41:31.316,0.925,0.92528,1.00,1.00
2018.02.20 01:41:31.893,0.92498,0.92525,1.00,1.00
2018.02.20 01:41:32.196,0.92496,0.92525,1.50,1.00
2018.02.20 01:41:32.246,0.92497,0.92523,1.00,1.00
2018.02.20 01:41:32.513,0.92497,0.92525,1.00,1.00
2018.02.20 01:41:39.166,0.92498,0.92526,1.00,1.00
2018.02.20 01:41:39.666,0.925,0.92526,1.00,1.00
2018.02.20 01:41:48.259,0.92501,0.92527,1.00,1.00
2018.02.20 01:41:48.310,0.92503,0.9253,1.00,1.00
2018.02.20 01:41:48.531,0.925,0.92529,1.50,1.00
2018.02.20 01:41:54.746,0.925,0.92526,1.00,1.00
2018.02.20 01:41:58.467,0.925,0.92529,1.00,1.00
2018.02.20 01:41:59.320,0.925,0.92528,1.00,1.00
2018.02.20 01:41:59.956,0.925,0.92527,1.50,1.00
2018.02.20 01:42:02.589,0.92501,0.92528,1.00,1.00
2018.02.20 01:42:03.136,0.92499,0.92528,2.25,1.00
2018.02.20 01:42:07.104,0.92498,0.92525,1.50,1.00
2018.02.20 01:42:07.364,0.92498,0.92527,2.25,1.00
2018.02.20 01:42:07.808,0.92498,0.92525,1.50,1.00
2018.02.20 01:42:08.622,0.92498,0.92524,1.00,1.00
2018.02.20 01:42:09.226,0.92498,0.92526,1.50,1.00
2018.02.20 01:42:09.731,0.92497,0.92526,1.50,1.00
2018.02.20 01:42:10.924,0.92497,0.92527,1.00,1.00
2018.02.20 01:42:12.266,0.92499,0.92528,1.00,1.00
2018.02.20 01:42:12.574,0.92498,0.92526,1.00,1.00
2018.02.20 01:42:12.878,0.92494,0.9252,1.00,1.00
2018.02.20 01:42:13.074,0.92495,0.92523,1.00,1.00
2018.02.20 01:42:13.125,0.92498,0.92526,1.00,1.00
2018.02.20 01:42:13.516,0.92498,0.92524,1.00,1.00
2018.02.20 01:42:15.937,0.92498,0.92526,1.00,1.00
2018.02.20 01:42:19.662,0.92496,0.92525,1.00,1.00
2018.02.20 01:42:19.815,0.92499,0.92526,1.00,1.00
2018.02.20 01:42:20.673,0.92499,0.92527,1.00,1.00
2018.02.20 01:42:21.150,0.92498,0.92524,1.00,1.00
2018.02.20 01:42:23.102,0.92497,0.92524,1.00,1.00
2018.02.20 01:42:23.637,0.92498,0.92524,1.50,1.00
2018.02.20 01:42:24.806,0.92497,0.92524,1.00,1.00
2018.02.20 01:42:25.040,0.92498,0.92526,1.00,1.00
2018.02.20 01:42:26.858,0.92497,0.92524,1.00,1.00
2018.02.20 01:42:27.889,0.92497,0.92527,1.00,1.00
2018.02.20 01:42:28.191,0.92497,0.92525,1.00,1.00
2018.02.20 01:42:28.857,0.92496,0.92525,2.25,1.00
2018.02.20 01:42:29.444,0.92497,0.92526,1.00,1.00
2018.02.20 01:42:29.986,0.92497,0.92524,1.50,1.00
2018.02.20 01:42:35.101,0.92498,0.92526,1.00,1.00
2018.02.20 01:42:35.271,0.925,0.92525,1.00,1.00
2018.02.20 01:42:39.336,0.925,0.92526,1.00,1.00
2018.02.20 01:42:40.895,0.92501,0.92527,1.00,1.00
2018.02.20 01:42:42.695,0.925,0.92526,1.00,1.00
2018.02.20 01:42:46.351,0.92501,0.92527,1.00,1.00
2018.02.20 01:42:47.148,0.92499,0.92527,1.00,1.00
2018.02.20 01:42:50.752,0.92499,0.92525,1.00,1.00
2018.02.20 01:42:50.803,0.925,0.92527,1.00,1.00
2018.02.20 01:42:51.100,0.92497,0.92524,1.50,1.00
2018.02.20 01:42:52.096,0.92498,0.92526,1.00,1.00
2018.02.20 01:42:52.200,0.925,0.92527,1.00,1.00
2018.02.20 01:42:53.146,0.92499,0.92525,1.00,1.00
2018.02.20 01:42:54.818,0.92499,0.92524,1.00,1.00
2018.02.20 01:43:11.038,0.92496,0.92524,1.00,1.00
2018.02.20 01:43:11.139,0.92499,0.92524,1.00,1.00
2018.02.20 01:43:12.874,0.925,0.92526,1.00,1.00
2018.02.20 01:43:12.925,0.92501,0.92529,1.00,1.00
2018.02.20 01:43:13.077,0.92501,0.92527,1.00,1.00
2018.02.20 01:43:13.432,0.92499,0.92525,1.00,1.00
2018.02.20 01:43:16.611,0.92496,0.92522,1.00,1.00
