2013.07.18 05:00:00.701,0.82006,0.82039,1.13,1.32
2013.07.18 05:00:01.221,0.82007,0.8204,1.13,1.32
2013.07.18 05:00:01.279,0.82007,0.8204,1.32,1.32
2013.07.18 05:00:03.261,0.82007,0.82039,1.32,1.32
2013.07.18 05:00:11.671,0.8201,0.82042,1.13,1.32
2013.07.18 05:00:13.790,0.82012,0.82043,1.13,1.32
2013.07.18 05:00:15.983,0.82012,0.82042,1.13,1.32
2013.07.18 05:00:18.161,0.82013,0.82042,1.13,2.07
2013.07.18 05:00:18.280,0.82013,0.82042,2.07,1.32
2013.07.18 05:00:21.620,0.82014,0.82043,1.50,1.32
2013.07.18 05:00:21.680,0.82012,0.82043,1.69,1.32
2013.07.18 05:00:22.261,0.82012,0.82042,1.50,1.32
2013.07.18 05:00:23.391,0.82012,0.82043,1.13,1.32
2013.07.18 05:00:24.070,0.82012,0.82043,1.13,1.32
2013.07.18 05:00:25.400,0.82012,0.82038,1.13,1.13
2013.07.18 05:00:25.711,0.82008,0.82036,1.50,1.13
2013.07.18 05:00:26.230,0.82008,0.82036,1.50,1.13
2013.07.18 05:00:27.430,0.82008,0.82036,1.13,1.13
2013.07.18 05:00:34.691,0.8201,0.8204,1.13,1.32
2013.07.18 05:00:35.840,0.82011,0.8204,1.32,1.32
2013.07.18 05:00:36.279,0.82012,0.82043,2.07,2.07
2013.07.18 05:00:36.551,0.82012,0.82043,2.07,2.07
2013.07.18 05:00:36.928,0.82012,0.82043,2.07,2.07
2013.07.18 05:00:37.481,0.82012,0.82043,2.07,2.07
2013.07.18 05:00:38.799,0.82012,0.82041,1.13,1.32
2013.07.18 05:00:39.320,0.82011,0.8204,1.13,1.32
2013.07.18 05:00:42.070,0.82012,0.82041,1.50,1.32
2013.07.18 05:00:43.503,0.82012,0.82041,1.50,1.32
2013.07.18 05:00:45.683,0.82011,0.8204,1.32,1.32
2013.07.18 05:00:47.640,0.82012,0.82043,1.13,2.07
2013.07.18 05:00:47.711,0.82012,0.82043,1.13,2.07
2013.07.18 05:00:48.648,0.82012,0.82043,1.13,1.32
2013.07.18 05:00:51.959,0.82009,0.82037,1.32,1.13
2013.07.18 05:00:52.079,0.82008,0.8204,1.69,2.44
2013.07.18 05:00:52.140,0.82011,0.8204,1.13,1.69
2013.07.18 05:00:52.200,0.82011,0.8204,1.13,1.69
2013.07.18 05:00:52.259,0.82011,0.8204,1.13,1.69
2013.07.18 05:00:58.900,0.82008,0.82039,1.32,1.32
2013.07.18 05:00:58.960,0.82008,0.82039,1.32,1.32
2013.07.18 05:00:59.163,0.82011,0.8204,1.50,1.32
2013.07.18 05:01:00.419,0.82007,0.82038,1.32,1.32
2013.07.18 05:01:01.740,0.82003,0.82035,3.19,1.13
2013.07.18 05:01:07.390,0.82004,0.82038,1.32,2.07
2013.07.18 05:01:07.449,0.82004,0.82038,1.32,2.07
2013.07.18 05:01:17.471,0.82008,0.82039,1.13,1.13
2013.07.18 05:01:18.016,0.82008,0.82039,1.50,1.13
2013.07.18 05:01:18.862,0.82011,0.82041,1.13,1.32
2013.07.18 05:01:24.350,0.82012,0.82038,1.13,1.13
2013.07.18 05:01:24.409,0.82012,0.82041,1.13,1.32
2013.07.18 05:01:24.739,0.82012,0.82038,1.13,1.13
2013.07.18 05:01:26.491,0.82012,0.82038,1.13,1.13
2013.07.18 05:01:29.462,0.82011,0.82038,1.32,1.13
2013.07.18 05:01:29.819,0.82011,0.82039,1.69,1.32
2013.07.18 05:01:31.250,0.82011,0.82038,1.32,1.32
2013.07.18 05:01:34.320,0.82009,0.82038,1.69,1.32
2013.07.18 05:01:35.911,0.82009,0.82038,1.69,1.32
2013.07.18 05:01:38.327,0.82007,0.82037,1.69,1.13
2013.07.18 05:01:40.530,0.82008,0.82038,1.69,1.13
2013.07.18 05:01:41.585,0.82007,0.82038,2.07,1.13
2013.07.18 05:01:45.280,0.82009,0.82038,1.69,1.13
2013.07.18 05:01:48.081,0.82012,0.82039,1.13,1.32
2013.07.18 05:01:48.301,0.82011,0.82038,1.32,1.13
2013.07.18 05:01:50.880,0.82011,0.82038,1.32,1.13
2013.07.18 05:01:51.931,0.82011,0.82038,2.07,1.13
2013.07.18 05:01:52.701,0.82011,0.82038,1.32,1.13
2013.07.18 05:01:53.681,0.82012,0.82038,1.32,1.13
2013.07.18 05:01:54.231,0.82012,0.82038,1.32,1.13
2013.07.18 05:01:55.441,0.82012,0.82038,1.32,1.13
2013.07.18 05:01:58.272,0.82012,0.82038,1.32,1.13
2013.07.18 05:01:59.360,0.82012,0.82038,1.13,1.13
2013.07.18 05:02:02.081,0.82012,0.82038,1.13,1.13
2013.07.18 05:02:02.195,0.82012,0.82038,1.13,1.13
2013.07.18 05:02:04.721,0.82012,0.82038,1.13,1.32
2013.07.18 05:02:06.499,0.82012,0.82038,1.13,1.32
2013.07.18 05:02:09.444,0.82012,0.82038,1.13,1.32
2013.07.18 05:02:12.910,0.82012,0.82038,1.88,1.32
2013.07.18 05:02:16.321,0.82012,0.82038,1.50,1.32
2013.07.18 05:02:16.380,0.82012,0.82038,1.50,1.32
2013.07.18 05:02:17.161,0.82012,0.82038,1.50,1.32
2013.07.18 05:02:17.721,0.82012,0.82038,1.50,1.32
2013.07.18 05:02:17.899,0.82012,0.8204,1.50,1.32
2013.07.18 05:02:17.960,0.82012,0.82038,1.13,1.13
2013.07.18 05:02:18.171,0.82012,0.82038,1.50,1.13
2013.07.18 05:02:18.553,0.82012,0.82038,1.50,1.13
2013.07.18 05:02:19.242,0.82012,0.82038,1.50,1.13
2013.07.18 05:02:20.244,0.82012,0.82038,1.13,1.13
2013.07.18 05:02:24.541,0.82007,0.8204,1.69,1.32
2013.07.18 05:02:26.052,0.82007,0.8204,1.69,1.32
2013.07.18 05:02:29.930,0.82015,0.82043,1.13,1.32
2013.07.18 05:02:30.050,0.82019,0.82043,1.32,1.32
2013.07.18 05:02:30.111,0.82018,0.82043,1.32,1.32
2013.07.18 05:02:30.700,0.82012,0.82039,1.32,1.32
2013.07.18 05:02:31.453,0.82012,0.82039,1.32,1.32
2013.07.18 05:02:35.183,0.82013,0.82041,1.32,1.69
2013.07.18 05:02:36.067,0.82012,0.8204,3.19,1.32
2013.07.18 05:02:36.970,0.82012,0.82038,2.82,1.13
2013.07.18 05:02:41.530,0.82012,0.82038,1.88,1.13
2013.07.18 05:02:42.751,0.82012,0.82038,1.88,1.13
2013.07.18 05:02:43.079,0.82012,0.82038,1.88,1.13
2013.07.18 05:02:43.140,0.82012,0.82038,1.88,1.13
2013.07.18 05:02:43.820,0.82012,0.82038,1.13,1.13
2013.07.18 05:02:51.742,0.82012,0.82038,1.13,1.32
2013.07.18 05:02:54.594,0.82012,0.82038,1.13,1.32
2013.07.18 05:02:57.121,0.82012,0.82038,1.13,1.32
2013.07.18 05:02:58.031,0.82012,0.82038,1.13,1.32
2013.07.18 05:02:58.141,0.82012,0.82038,1.13,1.32
2013.07.18 05:03:00.770,0.82012,0.82038,1.13,1.32
2013.07.18 05:03:01.131,0.82013,0.82041,1.13,1.32
2013.07.18 05:03:01.370,0.8202,0.82045,2.07,1.32
2013.07.18 05:03:02.960,0.82021,0.82045,1.69,1.13
2013.07.18 05:03:03.320,0.82026,0.82051,1.13,1.69
2013.07.18 05:03:03.667,0.82031,0.82058,1.69,1.50
2013.07.18 05:03:03.734,0.8203,0.82059,1.69,1.69
2013.07.18 05:03:03.909,0.82031,0.82059,1.69,1.69
2013.07.18 05:03:03.970,0.82031,0.82059,1.32,1.69
2013.07.18 05:03:06.051,0.82031,0.82064,1.69,2.82
2013.07.18 05:03:08.159,0.82031,0.82065,1.69,1.69
2013.07.18 05:03:09.531,0.82031,0.82066,1.69,3.19
2013.07.18 05:03:10.121,0.82031,0.82064,1.69,1.32
2013.07.18 05:03:10.179,0.82031,0.82064,1.69,1.32
2013.07.18 05:03:10.360,0.82031,0.82063,1.50,1.32
2013.07.18 05:03:10.955,0.82027,0.82059,1.32,2.07
2013.07.18 05:03:11.510,0.82032,0.82062,1.13,1.50
2013.07.18 05:03:11.691,0.82032,0.82063,1.13,2.44
2013.07.18 05:03:12.481,0.82032,0.82064,1.13,2.82
2013.07.18 05:03:20.183,0.82032,0.82064,1.13,1.69
2013.07.18 05:03:21.211,0.82032,0.82063,1.13,1.69
2013.07.18 05:03:22.580,0.82032,0.82063,1.13,1.69
2013.07.18 05:03:22.801,0.82032,0.82064,1.13,1.32
2013.07.18 05:03:33.559,0.82032,0.82065,1.13,2.07
2013.07.18 05:03:35.281,0.82031,0.82066,1.32,1.32
2013.07.18 05:03:37.700,0.82027,0.82062,2.44,1.32
2013.07.18 05:03:43.163,0.82028,0.82061,1.32,1.32
2013.07.18 05:03:49.281,0.82029,0.82063,1.69,2.07
2013.07.18 05:03:50.561,0.82029,0.82063,1.69,2.07
2013.07.18 05:03:59.140,0.82024,0.82058,1.69,1.69
2013.07.18 05:03:59.320,0.82021,0.82053,1.69,1.32
2013.07.18 05:03:59.700,0.82026,0.82056,1.13,1.69
2013.07.18 05:04:00.030,0.82026,0.82057,1.50,1.69
2013.07.18 05:04:00.349,0.82026,0.82059,1.50,1.69
2013.07.18 05:04:02.760,0.82026,0.82061,1.69,1.69
2013.07.18 05:04:09.062,0.82027,0.82062,1.69,1.32
2013.07.18 05:04:11.323,0.82027,0.82063,1.69,2.82
2013.07.18 05:04:19.090,0.82029,0.82063,1.32,2.07
2013.07.18 05:04:22.111,0.82028,0.82063,1.69,1.32
2013.07.18 05:04:22.702,0.82026,0.82063,2.44,1.69
2013.07.18 05:04:26.641,0.82026,0.82063,1.69,1.69
2013.07.18 05:04:31.593,0.82026,0.82059,1.69,1.32
2013.07.18 05:04:31.651,0.82024,0.82059,1.69,1.32
2013.07.18 05:04:32.220,0.82023,0.82057,1.69,2.07
2013.07.18 05:04:32.580,0.82023,0.82057,1.69,1.69
2013.07.18 05:04:32.700,0.82027,0.82057,1.50,1.69
2013.07.18 05:04:32.883,0.82031,0.82065,1.32,1.69
2013.07.18 05:04:33.611,0.82034,0.82068,1.32,1.69
2013.07.18 05:04:37.623,0.82033,0.82067,1.69,1.69
2013.07.18 05:04:42.072,0.82035,0.82067,1.69,1.13
2013.07.18 05:04:47.539,0.82035,0.82066,1.32,1.13
2013.07.18 05:04:48.371,0.82041,0.8207,1.13,1.69
2013.07.18 05:04:48.490,0.82041,0.82068,1.13,1.32
2013.07.18 05:04:48.970,0.82046,0.82069,1.13,1.32
2013.07.18 05:04:49.150,0.82041,0.8207,1.50,1.69
2013.07.18 05:04:50.881,0.82041,0.82071,1.50,1.69
2013.07.18 05:04:52.987,0.82041,0.82071,1.50,1.69
2013.07.18 05:04:53.110,0.82041,0.82072,1.50,1.32
2013.07.18 05:04:53.350,0.82041,0.82072,1.69,1.69
2013.07.18 05:04:53.710,0.8204,0.82071,2.07,1.32
2013.07.18 05:04:54.230,0.8204,0.82071,2.07,1.32
2013.07.18 05:04:59.690,0.82042,0.82074,2.07,1.32
2013.07.18 05:05:00.891,0.82042,0.82076,1.32,1.32
2013.07.18 05:05:02.251,0.82044,0.82076,1.69,1.13
2013.07.18 05:05:03.470,0.82042,0.82077,2.44,1.69
2013.07.18 05:05:04.920,0.82042,0.82077,1.69,1.69
2013.07.18 05:05:05.040,0.82041,0.82074,1.32,2.07
2013.07.18 05:05:05.100,0.82044,0.82074,1.13,2.07
2013.07.18 05:05:05.161,0.82044,0.82074,1.32,1.13
2013.07.18 05:05:05.280,0.82047,0.82078,1.32,1.69
2013.07.18 05:05:05.690,0.82051,0.82081,1.13,1.69
2013.07.18 05:05:05.750,0.82051,0.82083,1.13,1.69
2013.07.18 05:05:05.812,0.82052,0.82084,1.13,1.69
2013.07.18 05:05:09.090,0.82052,0.82084,1.32,1.50
2013.07.18 05:05:10.133,0.82052,0.82084,1.32,1.69
2013.07.18 05:05:11.952,0.82049,0.82085,2.82,1.69
2013.07.18 05:05:13.160,0.82049,0.82085,2.82,1.69
2013.07.18 05:05:16.520,0.82049,0.82083,2.82,1.69
2013.07.18 05:05:16.904,0.82052,0.82085,1.32,1.69
2013.07.18 05:05:18.052,0.82053,0.82087,1.32,2.07
2013.07.18 05:05:22.751,0.82055,0.82088,1.32,2.44
2013.07.18 05:05:23.281,0.82056,0.82088,1.69,1.69
2013.07.18 05:05:24.132,0.82056,0.82089,1.69,2.82
2013.07.18 05:05:24.876,0.82057,0.82089,1.32,1.69
2013.07.18 05:05:26.310,0.82057,0.82089,1.32,1.32
2013.07.18 05:05:27.963,0.82057,0.82086,2.07,1.13
2013.07.18 05:05:30.220,0.82058,0.82089,1.32,1.32
2013.07.18 05:05:31.809,0.82058,0.82086,1.32,1.13
2013.07.18 05:05:38.090,0.82059,0.8209,1.13,1.32
2013.07.18 05:05:38.270,0.82064,0.82093,1.13,2.07
2013.07.18 05:05:38.330,0.82067,0.82093,1.50,2.07
2013.07.18 05:05:38.390,0.82064,0.82093,1.32,2.07
2013.07.18 05:05:40.290,0.82061,0.82094,1.32,1.69
2013.07.18 05:05:41.440,0.82063,0.82094,1.13,1.69
2013.07.18 05:05:41.560,0.82064,0.82096,1.69,1.32
2013.07.18 05:05:41.680,0.82064,0.82096,1.69,1.32
2013.07.18 05:05:41.740,0.82062,0.82096,1.69,2.07
2013.07.18 05:05:42.211,0.82067,0.82097,1.32,1.32
2013.07.18 05:05:42.392,0.82064,0.82096,1.32,1.32
2013.07.18 05:05:42.700,0.82064,0.82096,1.32,1.32
2013.07.18 05:05:42.911,0.82064,0.82096,1.32,1.32
2013.07.18 05:05:45.260,0.82063,0.82095,1.32,1.13
2013.07.18 05:05:45.862,0.82066,0.82095,1.32,1.13
2013.07.18 05:05:47.810,0.82066,0.82099,1.32,1.50
2013.07.18 05:05:52.621,0.82067,0.82099,1.32,1.69
2013.07.18 05:05:55.101,0.82063,0.82096,1.32,1.32
2013.07.18 05:05:55.221,0.82063,0.82095,1.32,1.32
2013.07.18 05:05:58.530,0.82058,0.82095,1.32,2.07
2013.07.18 05:05:59.080,0.82058,0.82091,1.32,1.50
2013.07.18 05:05:59.690,0.82054,0.82091,1.32,1.69
2013.07.18 05:05:59.750,0.82052,0.82091,2.44,1.69
2013.07.18 05:05:59.870,0.82052,0.82089,1.69,1.69
2013.07.18 05:06:00.440,0.8205,0.82086,1.32,1.50
2013.07.18 05:06:00.500,0.8205,0.82086,1.32,1.50
2013.07.18 05:06:00.620,0.82048,0.82085,1.32,1.50
2013.07.18 05:06:01.039,0.82051,0.82085,1.13,1.50
2013.07.18 05:06:01.340,0.82052,0.82089,1.13,1.69
2013.07.18 05:06:02.421,0.82052,0.82088,1.13,1.32
2013.07.18 05:06:04.011,0.82052,0.82088,1.32,1.32
2013.07.18 05:06:04.541,0.82054,0.82089,1.32,1.69
2013.07.18 05:06:06.951,0.82054,0.82089,1.32,1.69
2013.07.18 05:06:09.172,0.82058,0.82089,1.32,1.50
2013.07.18 05:06:13.821,0.8206,0.82092,1.32,2.07
2013.07.18 05:06:19.180,0.82056,0.82093,1.32,2.07
2013.07.18 05:06:20.481,0.82056,0.82091,1.32,1.69
2013.07.18 05:06:24.170,0.82057,0.82091,1.13,1.69
2013.07.18 05:06:24.295,0.82057,0.82091,1.13,1.69
2013.07.18 05:06:27.541,0.82057,0.82091,2.44,1.32
2013.07.18 05:06:28.215,0.82057,0.82091,2.44,1.32
2013.07.18 05:06:29.671,0.82056,0.8209,1.32,1.32
2013.07.18 05:06:32.750,0.82057,0.82091,1.32,1.69
2013.07.18 05:06:32.951,0.82057,0.8209,1.32,1.32
2013.07.18 05:06:33.071,0.82057,0.82089,1.32,1.69
2013.07.18 05:06:33.453,0.82057,0.82089,1.32,1.69
2013.07.18 05:06:34.854,0.82059,0.82091,1.32,1.69
2013.07.18 05:06:35.266,0.82059,0.82091,1.32,1.69
2013.07.18 05:06:35.422,0.82059,0.82091,1.32,1.69
2013.07.18 05:06:36.132,0.82059,0.82091,1.32,1.69
2013.07.18 05:06:36.643,0.82058,0.8209,1.69,1.69
2013.07.18 05:06:38.250,0.82058,0.8209,1.69,1.69
2013.07.18 05:06:38.760,0.82063,0.82094,1.69,1.69
2013.07.18 05:06:43.200,0.82061,0.82091,1.50,1.32
2013.07.18 05:06:46.111,0.82061,0.8209,1.13,1.32
2013.07.18 05:06:54.731,0.82061,0.8209,1.32,1.32
2013.07.18 05:06:55.131,0.82061,0.8209,1.32,1.32
2013.07.18 05:06:56.199,0.82061,0.82091,1.32,1.13
2013.07.18 05:06:56.850,0.82061,0.82091,2.82,1.13
2013.07.18 05:06:58.640,0.82061,0.82094,1.32,2.82
2013.07.18 05:06:59.558,0.82061,0.82092,1.13,2.07
2013.07.18 05:07:03.290,0.82061,0.8209,1.32,1.69
2013.07.18 05:07:04.071,0.8206,0.8209,1.32,1.69
2013.07.18 05:07:13.693,0.82056,0.82084,1.69,1.13
2013.07.18 05:07:14.271,0.82056,0.82085,1.69,2.07
2013.07.18 05:07:38.451,0.82055,0.8209,1.32,2.07
2013.07.18 05:07:38.961,0.82054,0.82089,1.32,1.69
2013.07.18 05:07:42.170,0.82055,0.82089,1.32,1.32
2013.07.18 05:07:46.010,0.82055,0.82089,2.82,1.32
2013.07.18 05:07:48.481,0.82055,0.82088,2.44,1.13
2013.07.18 05:07:51.179,0.82055,0.82088,3.94,1.13
2013.07.18 05:07:52.210,0.82055,0.82088,1.69,1.13
2013.07.18 05:07:54.191,0.82055,0.82091,2.07,2.82
2013.07.18 05:07:57.696,0.82055,0.82089,2.07,1.69
2013.07.18 05:08:01.642,0.82055,0.82087,2.07,1.32
2013.07.18 05:08:01.700,0.82055,0.82085,1.88,1.32
2013.07.18 05:08:06.061,0.82054,0.82084,1.69,1.32
2013.07.18 05:08:08.780,0.82054,0.82085,1.32,1.69
2013.07.18 05:08:10.775,0.82053,0.82084,3.19,1.69
2013.07.18 05:08:12.290,0.82053,0.82085,1.32,2.82
2013.07.18 05:08:12.891,0.82053,0.82084,2.07,1.32
2013.07.18 05:08:16.202,0.82053,0.82084,1.32,2.07
2013.07.18 05:08:21.350,0.82053,0.82084,1.32,2.82
2013.07.18 05:08:34.691,0.82055,0.82084,1.69,1.32
2013.07.18 05:08:40.121,0.82056,0.82085,1.13,1.69
2013.07.18 05:08:51.435,0.82053,0.82084,1.32,2.07
2013.07.18 05:08:52.324,0.82053,0.82084,1.32,1.32
2013.07.18 05:08:52.943,0.82052,0.82081,2.07,1.32
2013.07.18 05:08:56.720,0.82052,0.82082,2.07,1.69
2013.07.18 05:08:58.980,0.82052,0.82082,1.69,1.32
2013.07.18 05:09:01.580,0.82052,0.82081,1.32,1.32
2013.07.18 05:09:05.634,0.8205,0.82081,2.07,1.32
2013.07.18 05:09:07.555,0.82052,0.82083,1.32,1.69
2013.07.18 05:09:13.772,0.82052,0.82082,1.32,1.32
2013.07.18 05:09:14.382,0.82051,0.8208,2.07,1.32
2013.07.18 05:09:23.782,0.82051,0.82083,3.19,1.69
2013.07.18 05:09:24.402,0.82051,0.82083,3.19,1.69
2013.07.18 05:09:28.300,0.82054,0.82083,1.13,1.69
2013.07.18 05:09:30.063,0.82059,0.82086,1.13,1.69
2013.07.18 05:09:39.642,0.82057,0.82085,1.13,1.69
2013.07.18 05:09:40.157,0.82057,0.82085,1.13,1.69
2013.07.18 05:09:48.102,0.82057,0.82084,1.13,1.69
2013.07.18 05:09:48.221,0.82058,0.82087,1.13,1.69
2013.07.18 05:09:48.401,0.82057,0.8209,1.13,2.07
2013.07.18 05:09:48.460,0.82056,0.8209,1.50,2.07
2013.07.18 05:09:49.001,0.82058,0.8209,1.50,1.13
2013.07.18 05:10:03.450,0.8206,0.82095,1.69,2.07
2013.07.18 05:10:10.210,0.82061,0.82092,1.69,1.13
2013.07.18 05:10:13.670,0.82061,0.82089,1.50,1.13
2013.07.18 05:10:17.191,0.8206,0.82089,1.50,1.50
2013.07.18 05:10:17.541,0.82057,0.82085,1.50,1.13
2013.07.18 05:10:17.660,0.82056,0.82085,1.69,1.13
2013.07.18 05:10:24.362,0.82054,0.82085,1.32,1.13
2013.07.18 05:10:24.481,0.82052,0.82082,2.07,1.32
2013.07.18 05:10:24.780,0.82047,0.82078,1.69,1.32
2013.07.18 05:10:27.151,0.82046,0.82078,1.69,1.32
2013.07.18 05:10:28.462,0.82046,0.82079,2.44,1.32
2013.07.18 05:10:28.700,0.82047,0.82079,1.32,1.32
2013.07.18 05:10:29.191,0.82051,0.82079,1.69,1.13
2013.07.18 05:10:30.962,0.82051,0.82081,2.07,1.32
2013.07.18 05:10:31.075,0.82051,0.82081,1.32,1.32
2013.07.18 05:10:31.593,0.82048,0.82078,1.32,1.69
2013.07.18 05:10:31.842,0.82047,0.82078,2.44,1.69
2013.07.18 05:10:31.900,0.8205,0.8208,1.69,1.32
2013.07.18 05:10:32.021,0.82052,0.82081,1.32,1.32
2013.07.18 05:10:32.750,0.8205,0.82081,1.69,1.13
2013.07.18 05:10:34.093,0.8205,0.82084,2.07,1.32
2013.07.18 05:10:37.833,0.82051,0.82084,2.07,1.32
2013.07.18 05:10:40.105,0.8205,0.82079,2.44,1.13
2013.07.18 05:10:42.241,0.8205,0.82079,2.07,1.13
2013.07.18 05:10:44.132,0.8205,0.82079,1.69,1.50
2013.07.18 05:10:47.511,0.8205,0.82079,1.69,1.50
2013.07.18 05:10:48.294,0.8205,0.82078,1.69,1.13
2013.07.18 05:10:49.001,0.82046,0.82074,2.07,1.69
2013.07.18 05:10:59.071,0.82047,0.82074,1.69,2.44
2013.07.18 05:10:59.131,0.82044,0.82074,1.32,1.69
2013.07.18 05:10:59.251,0.82043,0.82072,1.69,1.32
2013.07.18 05:10:59.431,0.8204,0.82067,1.69,1.13
2013.07.18 05:10:59.671,0.82036,0.82067,1.13,1.32
2013.07.18 05:10:59.732,0.82034,0.82067,1.32,1.32
2013.07.18 05:10:59.851,0.8203,0.82067,1.32,2.82
2013.07.18 05:11:00.462,0.8203,0.82065,1.13,1.69
2013.07.18 05:11:04.693,0.82031,0.82063,1.50,1.32
2013.07.18 05:11:05.022,0.82031,0.82063,1.69,1.13
2013.07.18 05:11:05.693,0.82031,0.82065,1.69,1.69
2013.07.18 05:11:06.111,0.82032,0.82069,1.69,1.50
2013.07.18 05:11:06.170,0.82032,0.82069,1.69,1.50
2013.07.18 05:11:08.918,0.82032,0.82069,1.69,1.50
2013.07.18 05:11:12.270,0.82032,0.82071,1.32,1.50
2013.07.18 05:11:15.465,0.82032,0.82071,1.69,1.50
2013.07.18 05:11:15.530,0.82035,0.82071,1.32,1.50
2013.07.18 05:11:15.865,0.82032,0.82071,1.69,1.69
2013.07.18 05:11:16.110,0.82033,0.82071,2.44,2.44
2013.07.18 05:11:16.350,0.82036,0.82074,1.69,3.19
2013.07.18 05:11:16.531,0.82038,0.82074,1.69,1.50
2013.07.18 05:11:16.591,0.82041,0.82074,1.32,1.50
2013.07.18 05:11:17.001,0.82041,0.82073,1.32,1.50
2013.07.18 05:11:19.430,0.82038,0.82073,1.69,1.50
2013.07.18 05:11:19.550,0.82041,0.82075,1.69,1.13
2013.07.18 05:11:19.881,0.8204,0.82075,1.69,1.13
2013.07.18 05:11:19.941,0.82042,0.82069,1.32,1.13
2013.07.18 05:11:20.062,0.82039,0.82071,1.69,1.32
2013.07.18 05:11:20.240,0.82041,0.82075,1.69,1.50
2013.07.18 05:11:20.772,0.82042,0.82076,1.13,1.50
2013.07.18 05:11:24.772,0.82041,0.82076,1.69,1.50
2013.07.18 05:11:25.303,0.82046,0.82074,1.50,1.13
2013.07.18 05:11:32.095,0.82043,0.82074,1.69,1.13
2013.07.18 05:11:35.242,0.82042,0.82071,1.50,1.32
2013.07.18 05:11:37.322,0.82045,0.82073,1.50,1.69
2013.07.18 05:11:37.451,0.82045,0.82076,1.50,1.32
2013.07.18 05:11:37.964,0.82047,0.82077,1.69,1.13
2013.07.18 05:11:38.496,0.82047,0.82079,1.69,1.50
2013.07.18 05:11:40.524,0.82047,0.82079,2.44,1.50
2013.07.18 05:11:41.711,0.82045,0.82071,1.69,1.13
2013.07.18 05:11:41.771,0.82044,0.82071,1.69,1.13
2013.07.18 05:11:45.150,0.82042,0.82075,1.69,1.69
2013.07.18 05:11:46.151,0.82042,0.82076,1.50,1.32
2013.07.18 05:11:46.712,0.82042,0.82075,1.50,1.69
2013.07.18 05:11:56.374,0.82042,0.82068,1.50,1.13
2013.07.18 05:11:56.671,0.82042,0.82065,1.50,1.13
2013.07.18 05:11:57.202,0.82036,0.82065,1.69,1.32
2013.07.18 05:11:57.452,0.8204,0.82069,1.69,1.50
2013.07.18 05:11:57.573,0.8204,0.82069,1.69,1.13
2013.07.18 05:12:00.122,0.82041,0.82069,1.69,1.13
2013.07.18 05:12:10.250,0.82039,0.82071,1.69,1.32
2013.07.18 05:12:14.335,0.82039,0.82069,1.69,1.32
2013.07.18 05:12:18.143,0.82039,0.82069,1.50,1.32
2013.07.18 05:12:19.447,0.82039,0.82069,1.69,1.32
2013.07.18 05:12:22.371,0.82039,0.82069,1.69,1.32
2013.07.18 05:12:24.836,0.82039,0.82068,1.69,2.07
2013.07.18 05:12:24.901,0.82041,0.82068,1.69,1.32
2013.07.18 05:12:25.441,0.82042,0.82071,2.44,1.13
2013.07.18 05:12:25.501,0.82042,0.82071,1.69,2.07
2013.07.18 05:12:27.171,0.8204,0.82071,1.69,3.19
2013.07.18 05:12:29.622,0.82041,0.82069,1.69,1.32
2013.07.18 05:12:29.801,0.82042,0.82071,1.69,1.32
2013.07.18 05:12:30.386,0.82041,0.82071,2.44,1.32
2013.07.18 05:12:30.581,0.82041,0.82072,1.69,1.69
2013.07.18 05:12:30.711,0.82042,0.82074,1.69,1.88
2013.07.18 05:12:30.831,0.82046,0.82074,1.69,1.50
2013.07.18 05:12:31.132,0.82041,0.82073,1.69,1.32
2013.07.18 05:12:31.382,0.82044,0.82071,1.69,1.13
2013.07.18 05:12:31.741,0.82042,0.82071,1.69,1.32
2013.07.18 05:12:33.402,0.82041,0.82068,1.69,1.69
2013.07.18 05:12:34.372,0.82039,0.82068,1.69,1.69
2013.07.18 05:12:34.730,0.82033,0.82067,1.69,1.69
2013.07.18 05:12:34.790,0.82032,0.82062,2.44,1.32
2013.07.18 05:12:35.181,0.82028,0.82062,1.69,1.32
2013.07.18 05:12:35.420,0.82027,0.8206,1.69,1.32
2013.07.18 05:12:41.391,0.82027,0.8206,1.69,1.69
2013.07.18 05:12:42.602,0.82026,0.82061,2.44,1.69
2013.07.18 05:12:42.783,0.82026,0.82057,1.50,1.13
2013.07.18 05:12:43.931,0.82024,0.82057,1.69,1.13
2013.07.18 05:12:44.501,0.82026,0.82056,1.69,1.13
2013.07.18 05:12:49.951,0.82024,0.82059,1.32,1.32
2013.07.18 05:12:50.112,0.82026,0.82058,1.69,1.32
2013.07.18 05:12:51.751,0.82026,0.82058,2.44,1.13
2013.07.18 05:12:51.871,0.82028,0.82062,1.69,2.07
2013.07.18 05:12:52.111,0.82032,0.82064,1.69,1.50
2013.07.18 05:12:52.642,0.82032,0.82064,1.69,1.50
2013.07.18 05:12:54.640,0.82036,0.82067,1.50,1.50
2013.07.18 05:12:54.760,0.82037,0.82068,1.50,1.13
2013.07.18 05:12:56.672,0.82036,0.8207,1.69,1.13
2013.07.18 05:12:56.731,0.82033,0.8207,1.69,1.13
2013.07.18 05:12:58.491,0.82027,0.82063,1.69,1.32
2013.07.18 05:12:58.550,0.82027,0.82063,1.69,1.32
2013.07.18 05:13:01.292,0.82027,0.8206,1.69,1.13
2013.07.18 05:13:01.412,0.82028,0.8206,1.69,1.13
2013.07.18 05:13:01.472,0.82028,0.82058,1.69,1.13
2013.07.18 05:13:01.531,0.82027,0.82058,1.69,1.13
2013.07.18 05:13:02.083,0.82031,0.82059,1.50,1.50
2013.07.18 05:13:04.481,0.82022,0.82058,2.44,2.07
2013.07.18 05:13:08.892,0.82025,0.82055,1.69,1.50
2013.07.18 05:13:09.073,0.82023,0.82056,2.44,1.32
2013.07.18 05:13:11.171,0.82025,0.82055,1.69,1.50
2013.07.18 05:13:11.996,0.82024,0.82055,1.69,1.32
2013.07.18 05:13:12.232,0.82027,0.82057,1.50,1.32
2013.07.18 05:13:13.441,0.82028,0.82058,1.69,1.69
2013.07.18 05:13:14.078,0.82028,0.82058,2.07,1.32
2013.07.18 05:13:14.143,0.82028,0.82059,1.32,1.32
2013.07.18 05:13:14.722,0.82026,0.82059,1.69,1.32
2013.07.18 05:13:15.562,0.82026,0.82061,1.69,2.82
2013.07.18 05:13:16.482,0.82026,0.82061,1.69,1.32
2013.07.18 05:13:17.587,0.82027,0.8206,1.69,1.69
2013.07.18 05:13:19.372,0.82027,0.82059,1.69,1.32
2013.07.18 05:13:21.022,0.82028,0.82062,1.69,1.69
2013.07.18 05:13:23.852,0.82031,0.82064,1.69,3.57
2013.07.18 05:13:23.911,0.82031,0.82064,1.69,1.88
2013.07.18 05:13:24.091,0.82032,0.82064,1.69,1.13
2013.07.18 05:13:24.271,0.82037,0.82066,1.50,1.13
2013.07.18 05:13:24.530,0.82037,0.82068,1.69,1.13
2013.07.18 05:13:25.261,0.82037,0.82068,1.69,1.13
2013.07.18 05:13:26.862,0.82037,0.82069,1.69,1.32
2013.07.18 05:13:28.112,0.82037,0.82068,1.69,1.13
2013.07.18 05:13:31.081,0.82037,0.82068,1.69,1.13
2013.07.18 05:13:32.405,0.82037,0.82068,1.69,1.32
2013.07.18 05:13:36.161,0.82036,0.82068,1.69,1.69
2013.07.18 05:13:37.057,0.82037,0.82068,1.69,1.50
2013.07.18 05:13:38.931,0.82037,0.82069,1.69,1.32
2013.07.18 05:13:42.972,0.82037,0.82068,3.19,1.13
2013.07.18 05:13:45.672,0.82038,0.82069,1.69,1.69
2013.07.18 05:13:48.482,0.82037,0.82069,2.44,2.07
2013.07.18 05:13:54.888,0.82037,0.82069,1.50,2.07
2013.07.18 05:13:56.491,0.82037,0.82069,1.69,2.07
2013.07.18 05:13:56.953,0.82037,0.82069,1.50,2.82
2013.07.18 05:13:57.194,0.82037,0.82068,1.50,1.32
2013.07.18 05:13:57.734,0.82037,0.82068,1.69,1.32
2013.07.18 05:14:08.082,0.82037,0.82068,2.44,1.32
2013.07.18 05:14:10.272,0.82037,0.82068,1.69,1.32
2013.07.18 05:14:10.331,0.82035,0.82068,2.44,1.32
2013.07.18 05:14:11.631,0.82035,0.82068,1.69,1.32
2013.07.18 05:14:13.241,0.82035,0.82068,2.44,1.32
2013.07.18 05:14:16.405,0.82035,0.82068,1.69,2.07
2013.07.18 05:14:22.225,0.82035,0.82066,1.50,1.32
2013.07.18 05:14:24.373,0.82031,0.82069,1.32,2.07
2013.07.18 05:14:25.875,0.82033,0.82068,1.69,1.32
2013.07.18 05:14:27.631,0.82031,0.82069,1.32,2.44
2013.07.18 05:14:32.682,0.82031,0.82068,1.32,1.32
2013.07.18 05:14:32.894,0.82031,0.82066,1.32,1.32
2013.07.18 05:14:33.822,0.8203,0.82066,2.44,1.32
2013.07.18 05:14:34.231,0.82033,0.82069,1.69,2.07
2013.07.18 05:14:34.722,0.82033,0.82069,1.69,2.07
2013.07.18 05:14:36.932,0.82035,0.82067,1.69,1.69
2013.07.18 05:14:37.593,0.82035,0.82068,1.69,2.07
2013.07.18 05:14:46.077,0.82035,0.82069,1.69,2.82
2013.07.18 05:14:46.201,0.82032,0.82069,2.44,2.07
2013.07.18 05:14:47.613,0.82032,0.82068,1.69,1.69
2013.07.18 05:14:51.551,0.82036,0.82068,1.50,1.69
2013.07.18 05:14:51.671,0.82037,0.82068,1.50,1.69
2013.07.18 05:14:55.204,0.82037,0.82069,1.69,2.07
2013.07.18 05:15:00.127,0.82037,0.82068,1.69,1.32
2013.07.18 05:15:00.431,0.82034,0.82065,2.07,1.32
2013.07.18 05:15:00.492,0.82034,0.82066,2.07,1.32
2013.07.18 05:15:03.258,0.82036,0.82067,2.44,1.32
2013.07.18 05:15:06.432,0.82036,0.82068,2.82,1.69
2013.07.18 05:15:08.321,0.8204,0.82067,1.50,1.32
2013.07.18 05:15:08.681,0.82035,0.82064,1.69,1.32
2013.07.18 05:15:09.932,0.82035,0.82065,1.69,1.32
2013.07.18 05:15:11.169,0.82037,0.82066,1.69,1.13
2013.07.18 05:15:13.201,0.82036,0.82065,1.69,1.69
2013.07.18 05:15:19.642,0.82036,0.82063,1.69,1.13
2013.07.18 05:15:19.882,0.82034,0.82065,1.69,1.69
2013.07.18 05:15:22.934,0.82039,0.82069,1.50,2.07
2013.07.18 05:15:28.872,0.8204,0.82069,1.69,2.07
2013.07.18 05:15:32.621,0.8204,0.82069,2.44,1.13
2013.07.18 05:15:34.102,0.8204,0.82069,1.69,1.13
2013.07.18 05:15:34.221,0.82038,0.82064,1.69,1.13
2013.07.18 05:15:34.749,0.82036,0.82064,1.32,1.32
2013.07.18 05:15:35.461,0.82037,0.82065,1.50,1.69
2013.07.18 05:15:35.641,0.82037,0.82068,1.69,1.69
2013.07.18 05:15:37.131,0.82038,0.82068,1.69,1.69
2013.07.18 05:15:42.959,0.8204,0.82068,1.69,1.32
2013.07.18 05:15:45.262,0.82041,0.82068,2.44,1.13
2013.07.18 05:15:46.051,0.82041,0.82068,1.69,2.25
2013.07.18 05:15:46.412,0.82035,0.8206,1.32,1.13
2013.07.18 05:15:46.531,0.82029,0.82056,1.32,1.13
2013.07.18 05:15:46.591,0.82028,0.82059,1.32,2.07
2013.07.18 05:15:46.651,0.82029,0.82059,1.32,2.07
2013.07.18 05:15:47.191,0.82027,0.82058,1.32,1.13
2013.07.18 05:15:47.632,0.82031,0.82059,1.69,1.50
2013.07.18 05:15:49.420,0.82026,0.82058,2.44,1.50
2013.07.18 05:15:50.219,0.82026,0.82059,2.44,1.88
2013.07.18 05:15:55.430,0.82026,0.82058,1.69,1.13
2013.07.18 05:16:07.051,0.82027,0.82058,1.69,1.50
2013.07.18 05:16:07.701,0.82024,0.82054,1.69,1.50
2013.07.18 05:16:08.701,0.82022,0.82055,2.07,1.32
2013.07.18 05:16:10.000,0.82024,0.82058,1.32,1.32
2013.07.18 05:16:10.807,0.82023,0.82059,3.19,2.44
2013.07.18 05:16:12.662,0.82026,0.82059,1.69,2.44
2013.07.18 05:16:14.523,0.82026,0.82059,1.69,2.82
2013.07.18 05:16:15.412,0.82026,0.82058,1.69,1.13
2013.07.18 05:16:15.951,0.82022,0.82056,1.69,2.82
2013.07.18 05:16:22.912,0.82019,0.82052,1.32,1.13
2013.07.18 05:16:23.093,0.82014,0.82047,1.32,1.13
2013.07.18 05:16:26.642,0.82011,0.82043,2.44,1.13
2013.07.18 05:16:27.001,0.82011,0.82043,2.44,2.07
2013.07.18 05:16:27.411,0.82011,0.82041,1.69,1.50
2013.07.18 05:16:27.651,0.82011,0.82044,1.69,2.44
2013.07.18 05:16:31.042,0.82012,0.82045,1.13,1.50
2013.07.18 05:16:32.934,0.8201,0.82043,1.32,1.50
2013.07.18 05:16:33.291,0.82013,0.82043,2.07,1.32
2013.07.18 05:16:33.471,0.8201,0.82034,1.69,1.13
2013.07.18 05:16:33.531,0.82006,0.82034,1.32,1.13
2013.07.18 05:16:33.952,0.82006,0.82034,1.13,1.32
2013.07.18 05:16:34.352,0.82006,0.82035,1.13,1.32
2013.07.18 05:16:34.531,0.82006,0.82039,1.32,2.44
2013.07.18 05:16:36.013,0.82008,0.82039,1.69,1.69
2013.07.18 05:16:36.561,0.82012,0.82044,1.69,1.50
2013.07.18 05:16:36.681,0.82016,0.82044,1.69,1.13
2013.07.18 05:16:44.671,0.82013,0.82041,1.69,1.13
2013.07.18 05:16:44.873,0.82013,0.82039,1.69,1.13
2013.07.18 05:16:45.741,0.82008,0.82035,2.82,1.13
2013.07.18 05:16:45.931,0.82008,0.82039,2.82,1.69
2013.07.18 05:16:46.892,0.82008,0.82038,2.44,1.69
2013.07.18 05:16:49.038,0.82007,0.82033,1.32,1.13
2013.07.18 05:16:49.942,0.82007,0.82033,1.32,1.13
2013.07.18 05:16:52.933,0.82006,0.82034,1.69,1.32
2013.07.18 05:16:53.241,0.82009,0.82038,1.32,1.32
2013.07.18 05:16:53.943,0.82009,0.82038,1.32,1.13
2013.07.18 05:16:54.181,0.82008,0.82041,1.13,1.32
2013.07.18 05:16:54.241,0.82013,0.82041,1.13,1.32
2013.07.18 05:16:56.491,0.82013,0.82041,1.13,1.69
2013.07.18 05:16:56.761,0.82013,0.82041,1.13,1.69
2013.07.18 05:16:57.493,0.82014,0.82041,1.13,1.69
2013.07.18 05:16:59.213,0.82014,0.8204,1.13,1.69
2013.07.18 05:17:03.952,0.82013,0.82043,2.44,2.07
2013.07.18 05:17:04.312,0.82013,0.82044,3.19,1.32
2013.07.18 05:17:04.372,0.82013,0.82044,3.19,1.32
2013.07.18 05:17:04.921,0.82016,0.8205,1.69,1.32
2013.07.18 05:17:06.181,0.82016,0.82044,1.69,1.13
2013.07.18 05:17:07.702,0.82017,0.82044,2.44,1.13
2013.07.18 05:17:09.882,0.82017,0.82044,1.32,1.13
2013.07.18 05:17:10.243,0.82017,0.82043,1.13,2.82
2013.07.18 05:17:12.921,0.82012,0.82045,1.88,1.32
2013.07.18 05:17:15.132,0.82017,0.82044,2.25,1.13
2013.07.18 05:17:18.681,0.82015,0.82044,2.44,1.32
2013.07.18 05:17:19.283,0.82015,0.82043,2.44,1.32
2013.07.18 05:17:19.832,0.82015,0.82045,3.19,1.32
2013.07.18 05:17:24.902,0.82013,0.82045,1.13,2.07
2013.07.18 05:17:25.422,0.82015,0.82045,1.50,1.32
2013.07.18 05:17:25.974,0.82017,0.82047,1.69,1.32
2013.07.18 05:17:26.712,0.82015,0.82047,1.32,1.32
2013.07.18 05:17:27.232,0.82017,0.82047,2.44,1.32
2013.07.18 05:17:32.111,0.82017,0.82048,1.50,2.82
2013.07.18 05:17:32.771,0.82017,0.82048,2.25,2.44
2013.07.18 05:17:37.612,0.82016,0.82047,1.69,1.69
2013.07.18 05:17:37.732,0.82015,0.82045,1.13,1.69
2013.07.18 05:17:37.861,0.82013,0.82048,1.13,2.82
2013.07.18 05:17:38.041,0.82017,0.8205,1.69,1.50
2013.07.18 05:17:38.221,0.82024,0.82054,1.13,1.50
2013.07.18 05:17:38.281,0.82024,0.82056,1.13,1.88
2013.07.18 05:17:38.711,0.82021,0.82056,1.32,1.13
2013.07.18 05:17:39.833,0.82022,0.82059,1.50,2.44
2013.07.18 05:17:40.721,0.82026,0.8206,1.50,1.69
2013.07.18 05:17:43.742,0.82024,0.82057,1.50,1.50
2013.07.18 05:17:44.871,0.82025,0.8206,1.13,1.69
2013.07.18 05:17:45.523,0.82027,0.8206,1.13,1.69
2013.07.18 05:17:45.971,0.82029,0.8206,1.50,1.69
2013.07.18 05:17:49.022,0.8203,0.82061,1.50,1.69
2013.07.18 05:17:51.782,0.82027,0.82061,1.32,1.69
2013.07.18 05:17:55.373,0.82028,0.82061,1.69,1.69
2013.07.18 05:17:56.521,0.82028,0.82062,1.69,1.69
2013.07.18 05:17:56.941,0.82027,0.82061,1.69,1.69
2013.07.18 05:17:57.061,0.82028,0.82063,1.69,2.07
2013.07.18 05:17:57.521,0.8203,0.82064,1.69,1.69
2013.07.18 05:18:00.437,0.82031,0.82066,1.69,1.69
2013.07.18 05:18:01.201,0.8203,0.82066,1.32,1.69
2013.07.18 05:18:07.781,0.82029,0.82061,2.07,1.69
2013.07.18 05:18:09.607,0.82026,0.82061,2.82,1.69
2013.07.18 05:18:09.872,0.82026,0.82059,2.07,1.69
2013.07.18 05:18:12.308,0.82027,0.82059,1.13,1.69
2013.07.18 05:18:17.132,0.8203,0.82061,1.13,1.32
2013.07.18 05:18:17.252,0.8203,0.82063,1.13,2.82
2013.07.18 05:18:26.568,0.8203,0.82063,1.13,2.44
2013.07.18 05:18:32.592,0.8203,0.82062,1.13,2.44
2013.07.18 05:18:33.187,0.8203,0.82063,1.13,2.44
2013.07.18 05:18:37.172,0.8203,0.82063,1.13,1.69
2013.07.18 05:18:39.265,0.82029,0.82063,1.13,2.44
2013.07.18 05:18:40.472,0.82029,0.82063,1.13,2.44
2013.07.18 05:18:42.871,0.82029,0.82063,1.13,1.69
2013.07.18 05:18:49.191,0.82027,0.82063,2.63,2.44
2013.07.18 05:18:51.062,0.82027,0.82062,2.44,1.69
2013.07.18 05:18:56.741,0.82031,0.82063,1.13,2.44
2013.07.18 05:18:59.261,0.82031,0.82062,1.13,1.69
2013.07.18 05:19:01.152,0.82031,0.82063,1.13,2.44
2013.07.18 05:19:06.535,0.8203,0.82063,1.13,2.44
2013.07.18 05:19:06.863,0.8203,0.82063,1.13,2.44
2013.07.18 05:19:11.411,0.8203,0.82063,1.13,1.69
2013.07.18 05:19:15.151,0.8203,0.82063,1.13,1.69
2013.07.18 05:19:16.517,0.82029,0.82063,1.13,2.44
2013.07.18 05:19:18.142,0.82028,0.82063,1.88,1.69
2013.07.18 05:19:20.121,0.82027,0.82061,2.07,1.69
2013.07.18 05:19:22.143,0.82027,0.82061,2.44,1.69
2013.07.18 05:19:22.426,0.82027,0.82063,2.25,1.69
2013.07.18 05:19:24.892,0.82027,0.82061,1.88,1.69
2013.07.18 05:19:25.251,0.82027,0.82058,1.88,2.44
2013.07.18 05:19:26.453,0.82027,0.82058,1.50,2.44
2013.07.18 05:19:27.085,0.82026,0.82058,1.32,2.44
2013.07.18 05:19:29.172,0.82026,0.82058,1.32,2.44
2013.07.18 05:19:29.548,0.82026,0.82057,1.13,1.69
2013.07.18 05:19:29.894,0.82026,0.82056,1.13,1.69
2013.07.18 05:19:30.442,0.82025,0.82058,1.13,1.69
2013.07.18 05:19:32.509,0.82025,0.82058,1.13,1.69
2013.07.18 05:19:38.471,0.82025,0.82061,1.13,1.69
2013.07.18 05:19:40.121,0.82025,0.82058,1.32,1.69
2013.07.18 05:19:40.181,0.82025,0.82058,1.13,2.44
2013.07.18 05:19:40.502,0.82033,0.8206,1.13,1.69
2013.07.18 05:19:40.687,0.82026,0.82059,2.44,1.69
2013.07.18 05:19:40.813,0.82026,0.82059,1.13,1.69
2013.07.18 05:19:41.111,0.82023,0.82056,1.05,1.69
2013.07.18 05:19:42.981,0.82023,0.82057,1.13,1.69
2013.07.18 05:19:43.662,0.82018,0.82051,1.50,1.69
2013.07.18 05:19:43.931,0.82011,0.82048,1.69,1.69
2013.07.18 05:19:44.911,0.82008,0.82047,1.69,1.69
2013.07.18 05:19:45.031,0.82009,0.82046,1.32,1.69
2013.07.18 05:19:45.931,0.82009,0.82048,1.88,2.44
2013.07.18 05:19:46.442,0.82011,0.82048,2.25,2.44
2013.07.18 05:19:48.871,0.82011,0.82045,1.50,1.69
2013.07.18 05:19:49.373,0.8201,0.82044,1.50,3.19
2013.07.18 05:19:49.962,0.82006,0.82044,1.88,3.19
2013.07.18 05:19:50.295,0.82007,0.82044,1.13,2.44
2013.07.18 05:19:50.422,0.82011,0.82047,1.13,1.69
2013.07.18 05:19:50.743,0.82016,0.82044,1.32,1.69
2013.07.18 05:19:51.285,0.82016,0.82046,1.32,2.07
2013.07.18 05:19:51.521,0.82022,0.82053,1.32,1.69
2013.07.18 05:19:51.581,0.82022,0.82054,1.32,2.44
2013.07.18 05:19:51.701,0.82024,0.82053,1.32,2.25
2013.07.18 05:19:52.212,0.82024,0.82055,1.32,1.32
2013.07.18 05:19:52.723,0.82021,0.82054,3.57,1.69
2013.07.18 05:19:52.781,0.82021,0.82054,2.25,1.69
2013.07.18 05:19:55.853,0.82019,0.82054,1.32,1.32
2013.07.18 05:19:56.092,0.82026,0.82055,1.13,1.32
2013.07.18 05:19:56.337,0.82027,0.82055,1.32,1.32
2013.07.18 05:19:57.776,0.82027,0.82055,1.32,1.32
2013.07.18 05:20:00.359,0.82024,0.82055,2.07,1.32
2013.07.18 05:20:00.692,0.82024,0.82054,2.07,1.32
2013.07.18 05:20:01.661,0.82022,0.82052,1.32,1.32
2013.07.18 05:20:02.182,0.82017,0.82053,1.32,1.88
2013.07.18 05:20:02.725,0.82016,0.82051,2.82,1.50
2013.07.18 05:20:09.655,0.82016,0.82051,3.19,1.32
2013.07.18 05:20:10.661,0.82016,0.82051,2.44,1.32
2013.07.18 05:20:11.193,0.82016,0.82047,2.44,1.50
2013.07.18 05:20:12.183,0.82014,0.82052,2.44,1.32
2013.07.18 05:20:17.642,0.82019,0.82051,1.69,1.32
2013.07.18 05:20:17.881,0.82023,0.82056,1.32,1.69
2013.07.18 05:20:18.454,0.82028,0.82056,1.13,1.32
2013.07.18 05:20:19.943,0.82029,0.82057,1.13,2.07
2013.07.18 05:20:20.063,0.82027,0.82057,1.32,1.13
2013.07.18 05:20:21.822,0.82028,0.8206,1.32,2.07
2013.07.18 05:20:26.635,0.82028,0.82059,1.32,1.32
2013.07.18 05:20:26.995,0.82028,0.82059,1.32,1.32
2013.07.18 05:20:27.063,0.82021,0.8205,1.69,1.50
2013.07.18 05:20:27.121,0.82017,0.8205,1.32,1.50
2013.07.18 05:20:29.785,0.82017,0.8205,1.32,1.50
2013.07.18 05:20:35.172,0.82017,0.82048,2.44,1.13
2013.07.18 05:20:35.899,0.82017,0.82048,1.32,1.13
2013.07.18 05:20:36.812,0.82017,0.82048,1.32,1.32
2013.07.18 05:20:37.362,0.82016,0.82048,2.07,1.32
2013.07.18 05:20:38.831,0.82016,0.82048,1.13,1.32
2013.07.18 05:20:39.424,0.82014,0.82048,1.32,1.69
2013.07.18 05:20:40.628,0.82017,0.82048,1.13,1.69
2013.07.18 05:20:40.982,0.82017,0.82047,1.13,1.32
2013.07.18 05:20:41.453,0.82017,0.82047,1.13,1.32
2013.07.18 05:20:42.673,0.82017,0.82048,1.13,1.69
2013.07.18 05:20:44.412,0.82016,0.82049,1.13,1.69
2013.07.18 05:20:46.553,0.82016,0.82049,1.13,2.82
2013.07.18 05:20:47.382,0.82016,0.82049,1.13,3.57
2013.07.18 05:20:49.142,0.8202,0.82048,1.13,1.13
2013.07.18 05:20:49.413,0.82021,0.82049,1.13,1.50
2013.07.18 05:20:50.353,0.82021,0.82051,1.13,1.50
2013.07.18 05:20:51.023,0.82021,0.82051,1.13,1.50
2013.07.18 05:20:53.093,0.82021,0.82051,1.13,1.69
2013.07.18 05:20:53.736,0.82021,0.8205,1.13,1.69
2013.07.18 05:20:54.262,0.82017,0.8205,1.69,2.44
2013.07.18 05:20:56.300,0.82018,0.8205,1.32,1.69
2013.07.18 05:20:56.673,0.82016,0.82045,1.69,1.32
2013.07.18 05:20:56.853,0.82014,0.82045,1.32,2.07
2013.07.18 05:20:56.972,0.82014,0.82045,1.32,1.32
2013.07.18 05:20:57.092,0.82013,0.82045,2.07,1.32
2013.07.18 05:20:58.122,0.82016,0.82044,1.69,1.13
2013.07.18 05:20:58.182,0.82014,0.82039,1.69,1.13
2013.07.18 05:20:58.501,0.82014,0.82043,1.69,1.32
2013.07.18 05:20:59.223,0.82014,0.82043,1.69,1.32
2013.07.18 05:20:59.791,0.82014,0.82043,1.69,1.32
2013.07.18 05:21:02.682,0.82014,0.82042,2.07,1.69
2013.07.18 05:21:02.861,0.82014,0.82044,2.07,2.82
2013.07.18 05:21:02.921,0.82014,0.82044,2.07,2.82
2013.07.18 05:21:04.264,0.82014,0.82044,1.32,2.07
2013.07.18 05:21:04.391,0.82014,0.82042,1.32,1.13
2013.07.18 05:21:08.635,0.82011,0.82038,1.69,1.32
2013.07.18 05:21:08.822,0.82011,0.82039,1.69,1.32
2013.07.18 05:21:08.883,0.82011,0.82039,1.69,1.32
2013.07.18 05:21:08.943,0.82009,0.82037,2.07,1.13
2013.07.18 05:21:09.124,0.82009,0.82034,1.32,1.13
2013.07.18 05:21:09.184,0.82004,0.8203,1.32,1.32
2013.07.18 05:21:09.243,0.82002,0.8203,1.32,1.32
2013.07.18 05:21:09.423,0.82003,0.82032,1.69,1.32
2013.07.18 05:21:10.012,0.82003,0.82033,1.32,1.32
2013.07.18 05:21:11.791,0.82005,0.82034,1.13,1.69
2013.07.18 05:21:11.914,0.82005,0.82034,1.13,2.07
2013.07.18 05:21:13.657,0.82005,0.82034,1.32,2.07
2013.07.18 05:21:13.992,0.82008,0.82035,1.13,1.50
2013.07.18 05:21:14.352,0.82005,0.82036,1.69,1.13
2013.07.18 05:21:15.781,0.82008,0.82044,1.32,1.50
2013.07.18 05:21:16.533,0.82008,0.82041,1.32,1.13
2013.07.18 05:21:17.914,0.82012,0.82041,1.13,2.44
2013.07.18 05:21:20.933,0.82012,0.82038,1.13,1.13
2013.07.18 05:21:21.471,0.82006,0.82035,1.69,1.13
2013.07.18 05:21:22.453,0.82006,0.82035,1.69,1.13
2013.07.18 05:21:23.052,0.82006,0.82035,1.69,1.13
2013.07.18 05:21:24.142,0.82006,0.82035,1.69,1.13
2013.07.18 05:21:24.421,0.82006,0.82035,1.69,1.13
2013.07.18 05:21:25.012,0.82006,0.82035,1.69,1.13
2013.07.18 05:21:25.923,0.82006,0.82035,1.69,1.13
2013.07.18 05:21:26.441,0.82006,0.82034,1.69,1.50
2013.07.18 05:21:26.961,0.82006,0.82034,1.69,1.50
2013.07.18 05:21:27.934,0.82006,0.82034,1.69,1.50
2013.07.18 05:21:28.795,0.82006,0.82034,1.69,1.50
2013.07.18 05:21:28.973,0.82008,0.82038,1.69,1.32
2013.07.18 05:21:29.214,0.82008,0.82039,1.69,1.69
2013.07.18 05:21:30.409,0.8201,0.82039,1.13,1.32
2013.07.18 05:21:30.652,0.82006,0.82039,2.44,1.13
2013.07.18 05:21:30.712,0.82006,0.82039,1.69,1.32
2013.07.18 05:21:30.939,0.82006,0.82035,1.69,1.13
2013.07.18 05:21:31.182,0.82006,0.82037,1.50,1.32
2013.07.18 05:21:31.362,0.82008,0.82038,1.13,1.13
2013.07.18 05:21:31.482,0.82008,0.82039,1.13,1.32
2013.07.18 05:21:31.882,0.82006,0.82038,2.44,1.50
2013.07.18 05:21:32.192,0.82004,0.82034,1.32,1.32
2013.07.18 05:21:32.312,0.82006,0.82035,1.32,1.32
2013.07.18 05:21:32.683,0.82008,0.82037,2.07,1.13
2013.07.18 05:21:32.803,0.82011,0.82039,1.50,1.13
2013.07.18 05:21:32.982,0.82012,0.82043,1.13,1.50
2013.07.18 05:21:33.042,0.82012,0.82045,1.50,1.32
2013.07.18 05:21:34.012,0.82011,0.82047,1.50,1.69
2013.07.18 05:21:34.563,0.82012,0.82048,1.69,1.50
2013.07.18 05:21:34.911,0.82013,0.82052,1.50,2.44
2013.07.18 05:21:35.032,0.82013,0.82052,1.69,1.50
2013.07.18 05:21:35.613,0.82011,0.82052,1.69,2.25
2013.07.18 05:21:36.061,0.8201,0.82047,2.44,1.50
2013.07.18 05:21:37.452,0.82011,0.82047,1.32,1.50
2013.07.18 05:21:37.982,0.82011,0.82047,1.32,1.50
2013.07.18 05:21:38.483,0.82011,0.82047,1.32,1.50
2013.07.18 05:21:39.262,0.82011,0.82047,1.13,1.50
2013.07.18 05:21:42.857,0.82011,0.82047,1.32,1.13
2013.07.18 05:21:43.442,0.82018,0.82048,1.13,1.88
2013.07.18 05:21:43.803,0.82022,0.82051,1.69,1.13
2013.07.18 05:21:43.862,0.82022,0.82053,1.69,1.13
2013.07.18 05:21:44.892,0.82021,0.82051,1.69,1.13
2013.07.18 05:21:45.471,0.8202,0.8205,1.32,1.50
2013.07.18 05:21:45.712,0.8202,0.82049,1.13,1.69
2013.07.18 05:21:47.402,0.82018,0.82048,1.13,1.50
2013.07.18 05:21:49.675,0.82016,0.82048,1.13,1.50
2013.07.18 05:21:50.182,0.82016,0.82047,1.13,1.13
2013.07.18 05:21:52.482,0.82016,0.82047,1.13,1.32
2013.07.18 05:22:04.978,0.82016,0.82047,1.32,1.69
2013.07.18 05:22:06.652,0.82016,0.82047,1.32,1.69
2013.07.18 05:22:11.052,0.82016,0.82049,1.13,1.69
2013.07.18 05:22:12.432,0.82016,0.82048,1.32,1.69
2013.07.18 05:22:17.252,0.82021,0.8205,1.13,1.69
2013.07.18 05:22:17.652,0.82022,0.82051,1.88,1.32
2013.07.18 05:22:17.892,0.82024,0.82051,1.13,1.13
2013.07.18 05:22:18.201,0.82022,0.82051,1.13,1.13
2013.07.18 05:22:18.502,0.82017,0.82047,1.69,1.50
2013.07.18 05:22:18.562,0.82016,0.82046,1.69,1.32
2013.07.18 05:22:18.692,0.82017,0.82049,1.50,1.69
2013.07.18 05:22:18.872,0.82021,0.82052,1.13,1.69
2013.07.18 05:22:19.232,0.82017,0.82049,1.69,1.69
2013.07.18 05:22:19.921,0.82017,0.82049,1.32,1.69
2013.07.18 05:22:20.069,0.82017,0.82049,1.32,1.69
2013.07.18 05:22:23.281,0.82018,0.8205,1.32,2.82
2013.07.18 05:22:23.642,0.82021,0.8205,1.32,1.13
2013.07.18 05:22:23.822,0.82026,0.82055,1.50,1.50
2013.07.18 05:22:24.182,0.82028,0.8205,1.13,1.13
2013.07.18 05:22:24.422,0.82027,0.82058,1.13,1.32
2013.07.18 05:22:24.962,0.82028,0.82064,1.50,1.50
2013.07.18 05:22:25.082,0.82031,0.82068,1.50,1.69
2013.07.18 05:22:25.638,0.82033,0.82071,1.88,1.69
2013.07.18 05:22:27.132,0.82034,0.82064,1.50,1.32
2013.07.18 05:22:27.652,0.82035,0.82059,1.13,1.13
2013.07.18 05:22:27.721,0.82033,0.82064,1.13,1.13
2013.07.18 05:22:27.902,0.82033,0.82059,1.13,1.13
2013.07.18 05:22:28.213,0.82035,0.82061,1.13,1.13
2013.07.18 05:22:30.521,0.82034,0.8206,1.13,1.13
2013.07.18 05:22:32.323,0.82034,0.8206,1.13,1.13
2013.07.18 05:22:32.592,0.82037,0.82064,1.13,1.32
2013.07.18 05:22:33.023,0.82037,0.82063,1.88,1.32
2013.07.18 05:22:35.254,0.82037,0.82063,1.88,2.07
2013.07.18 05:22:36.033,0.82039,0.82063,1.13,1.69
2013.07.18 05:22:36.659,0.82039,0.82065,1.13,1.69
2013.07.18 05:22:38.152,0.8204,0.82067,1.50,1.32
2013.07.18 05:22:38.272,0.82041,0.82068,1.50,2.44
2013.07.18 05:22:38.332,0.82041,0.82069,1.50,1.69
2013.07.18 05:22:38.543,0.82043,0.82072,1.13,1.69
2013.07.18 05:22:38.923,0.82043,0.82072,1.13,1.69
2013.07.18 05:22:45.193,0.82045,0.82074,1.13,2.07
2013.07.18 05:22:45.551,0.82045,0.82074,1.13,2.07
2013.07.18 05:22:50.433,0.82045,0.82072,1.13,1.69
2013.07.18 05:22:56.203,0.82047,0.82073,1.13,1.69
2013.07.18 05:23:02.283,0.82046,0.82073,1.13,1.69
2013.07.18 05:23:03.077,0.82045,0.82073,1.13,1.69
2013.07.18 05:23:04.112,0.82045,0.82071,1.13,1.69
2013.07.18 05:23:05.102,0.82045,0.82071,1.13,1.69
2013.07.18 05:23:05.873,0.82045,0.82071,1.13,1.69
2013.07.18 05:23:08.431,0.82043,0.82074,1.88,1.69
2013.07.18 05:23:08.492,0.82043,0.82076,1.88,1.32
2013.07.18 05:23:08.612,0.82045,0.82076,1.88,1.32
2013.07.18 05:23:08.852,0.82043,0.82073,1.13,1.69
2013.07.18 05:23:08.972,0.82042,0.82073,1.88,1.69
2013.07.18 05:23:09.212,0.82039,0.82073,1.88,2.07
2013.07.18 05:23:09.392,0.82041,0.82073,1.88,1.32
2013.07.18 05:23:09.512,0.82041,0.82074,1.88,1.69
2013.07.18 05:23:09.871,0.8204,0.82071,1.13,1.69
2013.07.18 05:23:10.202,0.82045,0.82079,1.50,2.82
2013.07.18 05:23:10.742,0.82049,0.82081,1.13,2.44
2013.07.18 05:23:13.233,0.82049,0.82075,1.13,1.13
2013.07.18 05:23:13.737,0.82047,0.82075,1.50,2.07
2013.07.18 05:23:14.690,0.82047,0.82075,1.50,1.32
2013.07.18 05:23:15.212,0.82047,0.82079,1.50,1.69
2013.07.18 05:23:16.263,0.82045,0.82079,1.13,1.69
2013.07.18 05:23:31.087,0.82043,0.82075,1.13,1.69
2013.07.18 05:23:31.602,0.82043,0.82076,1.13,3.57
2013.07.18 05:23:32.391,0.82042,0.82074,1.13,1.69
2013.07.18 05:23:32.932,0.8204,0.82068,1.13,1.32
2013.07.18 05:23:36.305,0.82041,0.82068,1.13,2.07
2013.07.18 05:23:38.612,0.82041,0.82068,1.13,2.07
2013.07.18 05:23:38.972,0.82038,0.82068,1.13,2.07
2013.07.18 05:23:39.580,0.82036,0.82065,1.13,1.32
2013.07.18 05:23:44.326,0.82036,0.82066,1.13,1.32
2013.07.18 05:23:46.482,0.82034,0.82065,1.13,1.32
2013.07.18 05:23:46.543,0.82033,0.82066,1.32,2.44
2013.07.18 05:23:46.792,0.82031,0.82065,1.32,1.32
2013.07.18 05:23:47.394,0.82034,0.82063,1.13,1.69
2013.07.18 05:23:47.519,0.82033,0.8206,1.13,1.69
2013.07.18 05:23:47.882,0.82028,0.8206,1.69,1.69
2013.07.18 05:23:48.121,0.82027,0.82059,2.25,1.69
2013.07.18 05:23:48.302,0.82027,0.82061,1.13,1.32
2013.07.18 05:23:49.941,0.82027,0.82063,2.44,2.44
2013.07.18 05:23:51.173,0.82028,0.82064,2.25,2.44
2013.07.18 05:23:53.218,0.82028,0.82063,2.44,1.69
2013.07.18 05:23:56.128,0.82031,0.82065,1.13,1.50
2013.07.18 05:24:02.172,0.82033,0.82064,1.88,1.69
2013.07.18 05:24:03.182,0.82033,0.82068,1.88,2.07
2013.07.18 05:24:08.882,0.82037,0.8207,1.13,2.44
2013.07.18 05:24:13.302,0.8204,0.82072,1.32,1.69
2013.07.18 05:24:17.505,0.82041,0.8207,1.32,1.69
2013.07.18 05:24:18.784,0.82041,0.8207,1.32,1.69
2013.07.18 05:24:19.163,0.82041,0.82072,1.13,1.69
2013.07.18 05:24:21.242,0.82041,0.82071,1.13,1.69
2013.07.18 05:24:22.212,0.82039,0.82071,2.07,1.69
2013.07.18 05:24:24.349,0.82039,0.82073,1.88,1.69
2013.07.18 05:24:27.112,0.82039,0.8207,2.07,1.69
2013.07.18 05:24:29.852,0.82039,0.8207,1.69,1.69
2013.07.18 05:24:30.274,0.82038,0.8207,1.32,1.69
2013.07.18 05:24:30.333,0.82043,0.82073,1.13,1.69
2013.07.18 05:24:30.392,0.82043,0.82075,1.13,1.32
2013.07.18 05:24:30.632,0.82043,0.82077,1.69,1.50
2013.07.18 05:24:30.692,0.82047,0.82075,1.13,1.13
2013.07.18 05:24:31.243,0.82045,0.82075,1.13,1.13
2013.07.18 05:24:32.333,0.82045,0.82075,1.32,1.13
2013.07.18 05:24:32.902,0.82044,0.82075,1.32,1.13
2013.07.18 05:24:33.762,0.82042,0.82075,1.32,1.13
2013.07.18 05:24:35.576,0.82042,0.82078,1.32,1.32
2013.07.18 05:24:42.542,0.82046,0.82075,1.13,1.13
2013.07.18 05:24:44.174,0.82045,0.82075,1.13,1.13
2013.07.18 05:24:47.687,0.82046,0.82075,1.13,1.13
2013.07.18 05:24:49.643,0.82046,0.82075,1.88,1.32
2013.07.18 05:24:50.182,0.82046,0.82075,1.13,1.13
2013.07.18 05:24:50.691,0.82043,0.82075,1.69,1.13
2013.07.18 05:24:53.199,0.82043,0.82076,2.44,2.07
2013.07.18 05:24:55.003,0.82045,0.82077,1.32,2.07
2013.07.18 05:24:57.293,0.82046,0.82076,1.50,1.32
2013.07.18 05:24:59.263,0.82046,0.82076,1.13,1.32
2013.07.18 05:25:00.040,0.82046,0.82078,1.32,1.32
2013.07.18 05:25:00.363,0.82052,0.82078,1.13,1.32
2013.07.18 05:25:00.542,0.82049,0.82078,1.13,2.07
2013.07.18 05:25:00.782,0.82046,0.82075,1.13,1.69
2013.07.18 05:25:01.096,0.82044,0.82071,1.32,2.25
2013.07.18 05:25:01.392,0.82039,0.82069,1.32,1.13
2013.07.18 05:25:01.512,0.82034,0.82069,1.69,2.07
2013.07.18 05:25:01.692,0.82034,0.82069,1.69,1.32
2013.07.18 05:25:01.932,0.82036,0.82069,1.13,1.32
2013.07.18 05:25:02.063,0.82036,0.82071,1.13,2.25
2013.07.18 05:25:02.692,0.82038,0.82071,1.69,1.50
2013.07.18 05:25:03.561,0.82041,0.82074,1.69,1.50
2013.07.18 05:25:06.532,0.82041,0.82074,2.07,1.50
2013.07.18 05:25:07.153,0.82041,0.82073,1.32,1.88
2013.07.18 05:25:09.065,0.82041,0.82068,1.13,1.50
2013.07.18 05:25:09.984,0.82036,0.82068,1.13,1.69
2013.07.18 05:25:14.652,0.82034,0.82067,1.50,3.19
2013.07.18 05:25:16.022,0.82034,0.82067,2.07,2.44
2013.07.18 05:25:17.871,0.82038,0.82067,1.50,1.50
2013.07.18 05:25:18.381,0.82039,0.82069,1.13,1.69
2013.07.18 05:25:20.551,0.82038,0.82068,1.13,1.32
2013.07.18 05:25:22.773,0.82038,0.82069,1.32,1.69
2013.07.18 05:25:25.232,0.82034,0.82067,1.50,1.69
2013.07.18 05:25:26.462,0.82033,0.82067,1.69,1.69
2013.07.18 05:25:26.993,0.82036,0.82068,1.13,1.69
2013.07.18 05:25:29.633,0.82036,0.8207,2.07,2.44
2013.07.18 05:25:30.332,0.82035,0.82067,2.07,1.50
2013.07.18 05:25:31.172,0.82036,0.82067,1.69,1.50
2013.07.18 05:25:31.528,0.82041,0.82067,1.13,1.50
2013.07.18 05:25:32.652,0.82033,0.82067,2.07,1.50
2013.07.18 05:25:33.143,0.82033,0.82071,2.07,1.13
2013.07.18 05:25:34.142,0.82033,0.82071,2.07,1.13
2013.07.18 05:25:34.692,0.82041,0.82072,2.82,1.50
2013.07.18 05:25:36.123,0.82041,0.82075,2.82,1.50
2013.07.18 05:25:37.103,0.82041,0.82075,2.82,1.50
2013.07.18 05:25:37.282,0.82041,0.82073,1.69,1.13
2013.07.18 05:25:37.903,0.82044,0.82073,1.50,1.13
2013.07.18 05:25:38.082,0.82048,0.82078,1.69,1.50
2013.07.18 05:25:39.969,0.8205,0.82084,1.32,1.88
2013.07.18 05:25:40.535,0.82056,0.82084,1.32,1.50
2013.07.18 05:25:41.944,0.82051,0.82083,1.32,1.13
2013.07.18 05:25:42.412,0.82046,0.8208,1.50,1.88
2013.07.18 05:25:42.652,0.82043,0.8208,3.19,1.88
2013.07.18 05:25:44.259,0.82045,0.82078,1.69,1.50
2013.07.18 05:25:45.526,0.82046,0.82078,2.07,1.50
2013.07.18 05:25:46.233,0.82046,0.82078,1.88,1.50
2013.07.18 05:25:47.123,0.82047,0.82078,1.13,1.50
2013.07.18 05:25:56.809,0.82047,0.82078,1.13,2.25
2013.07.18 05:25:57.524,0.82047,0.82078,1.13,2.25
2013.07.18 05:25:58.249,0.82047,0.82078,1.13,2.25
2013.07.18 05:25:58.427,0.82046,0.82078,1.32,2.25
2013.07.18 05:25:59.999,0.82046,0.82078,1.32,1.13
2013.07.18 05:26:00.652,0.82046,0.82079,1.32,1.50
2013.07.18 05:26:01.863,0.8205,0.82079,1.69,1.88
2013.07.18 05:26:04.381,0.8205,0.8208,2.07,1.32
2013.07.18 05:26:04.932,0.82047,0.82078,1.50,2.07
2013.07.18 05:26:04.992,0.82044,0.82078,1.50,1.69
2013.07.18 05:26:05.539,0.82044,0.82077,1.50,1.32
2013.07.18 05:26:08.349,0.82044,0.82077,1.88,2.82
2013.07.18 05:26:08.732,0.82047,0.82077,1.32,2.07
2013.07.18 05:26:09.034,0.8205,0.82077,1.32,2.07
2013.07.18 05:26:09.781,0.8205,0.82077,1.32,1.88
2013.07.18 05:26:10.723,0.8205,0.82075,1.32,1.13
2013.07.18 05:26:15.333,0.82054,0.82081,1.13,1.69
2013.07.18 05:26:25.119,0.82052,0.82074,1.32,1.13
2013.07.18 05:26:25.362,0.82049,0.82071,1.32,1.13
2013.07.18 05:26:25.672,0.8205,0.82071,1.13,1.13
2013.07.18 05:26:25.792,0.8205,0.82073,1.13,1.69
2013.07.18 05:26:26.453,0.82041,0.82072,1.50,1.69
2013.07.18 05:26:30.932,0.82041,0.82069,1.50,1.69
2013.07.18 05:26:32.166,0.82037,0.82069,1.88,1.32
2013.07.18 05:26:36.156,0.82037,0.82069,1.88,1.69
2013.07.18 05:26:38.198,0.82037,0.82067,1.88,1.69
2013.07.18 05:26:43.233,0.82037,0.82069,2.44,1.69
2013.07.18 05:26:44.162,0.82037,0.82068,2.44,1.69
2013.07.18 05:26:44.223,0.82037,0.82062,1.50,1.69
2013.07.18 05:26:44.664,0.82033,0.82062,1.13,2.44
2013.07.18 05:26:44.725,0.8203,0.8206,1.50,1.69
2013.07.18 05:26:50.122,0.8203,0.8206,1.50,1.69
2013.07.18 05:26:52.382,0.8203,0.82061,1.69,1.69
2013.07.18 05:26:53.142,0.82027,0.82059,1.32,1.69
2013.07.18 05:26:54.232,0.82027,0.82058,1.32,1.69
2013.07.18 05:26:55.893,0.82027,0.82056,1.32,1.69
2013.07.18 05:27:00.405,0.82027,0.8206,1.32,1.32
2013.07.18 05:27:01.675,0.82029,0.8206,1.50,1.69
2013.07.18 05:27:02.513,0.82029,0.82058,1.69,1.69
2013.07.18 05:27:07.422,0.82029,0.82062,1.50,1.69
2013.07.18 05:27:08.693,0.82029,0.82062,1.88,1.69
2013.07.18 05:27:08.752,0.82029,0.82061,2.07,1.69
2013.07.18 05:27:11.962,0.82029,0.82059,1.88,1.69
2013.07.18 05:27:16.938,0.82034,0.82058,1.13,1.69
2013.07.18 05:27:21.172,0.82035,0.82061,1.13,1.69
2013.07.18 05:27:23.113,0.82035,0.82063,1.13,2.44
2013.07.18 05:27:27.923,0.82035,0.82063,1.13,1.69
2013.07.18 05:27:36.075,0.8203,0.82063,1.32,1.69
2013.07.18 05:27:40.900,0.82029,0.82063,2.44,1.69
2013.07.18 05:27:44.862,0.82031,0.82061,1.32,1.69
2013.07.18 05:27:47.944,0.82031,0.82063,1.13,2.82
2013.07.18 05:27:48.492,0.82034,0.82062,1.13,1.32
2013.07.18 05:27:49.982,0.82033,0.82062,1.13,2.07
2013.07.18 05:27:51.118,0.82031,0.82062,1.13,2.07
2013.07.18 05:27:53.554,0.82031,0.82061,1.13,1.69
2013.07.18 05:27:55.173,0.82031,0.82061,1.32,1.69
2013.07.18 05:27:55.232,0.82031,0.82061,1.32,1.69
2013.07.18 05:27:56.779,0.82031,0.82061,1.32,1.69
2013.07.18 05:27:56.898,0.82031,0.82061,1.32,1.69
2013.07.18 05:27:57.163,0.82031,0.82061,2.07,1.69
2013.07.18 05:27:57.685,0.82033,0.8206,1.50,1.69
2013.07.18 05:27:59.212,0.82033,0.82062,1.50,1.69
2013.07.18 05:28:00.773,0.82033,0.82059,1.50,1.69
2013.07.18 05:28:00.954,0.82028,0.82059,1.13,1.69
2013.07.18 05:28:01.952,0.82028,0.82059,1.32,1.69
2013.07.18 05:28:06.273,0.8203,0.8206,1.32,2.44
2013.07.18 05:28:06.393,0.82028,0.82061,1.13,1.69
2013.07.18 05:28:06.632,0.82027,0.82061,1.69,1.69
2013.07.18 05:28:09.282,0.82029,0.8206,1.50,1.13
2013.07.18 05:28:09.672,0.8203,0.82061,2.07,1.69
2013.07.18 05:28:09.972,0.8203,0.8206,1.69,1.13
2013.07.18 05:28:10.152,0.82027,0.82058,1.50,1.69
2013.07.18 05:28:10.618,0.82018,0.82053,1.69,1.69
2013.07.18 05:28:11.062,0.82018,0.82048,1.88,1.69
2013.07.18 05:28:12.566,0.82018,0.82049,1.13,1.69
2013.07.18 05:28:13.015,0.82018,0.82049,1.13,1.69
2013.07.18 05:28:14.771,0.82018,0.8205,1.13,1.69
2013.07.18 05:28:16.054,0.82019,0.82049,1.13,1.69
2013.07.18 05:28:19.373,0.8202,0.82046,1.13,1.32
2013.07.18 05:28:20.463,0.82015,0.82046,1.13,1.69
2013.07.18 05:28:20.583,0.82015,0.82044,1.13,1.69
2013.07.18 05:28:24.091,0.82015,0.82047,1.50,2.07
2013.07.18 05:28:25.063,0.82012,0.82047,1.69,1.69
2013.07.18 05:28:25.123,0.82017,0.82049,1.13,1.32
2013.07.18 05:28:25.483,0.82042,0.82062,2.82,1.50
2013.07.18 05:28:25.842,0.82047,0.82076,2.07,1.32
2013.07.18 05:28:25.962,0.8205,0.82077,1.69,2.82
2013.07.18 05:28:26.262,0.82051,0.82075,1.32,1.32
2013.07.18 05:28:27.402,0.82049,0.82075,1.32,2.07
2013.07.18 05:28:28.572,0.82051,0.82075,1.32,1.32
2013.07.18 05:28:29.098,0.82052,0.82077,1.13,2.07
2013.07.18 05:28:36.250,0.82053,0.82074,1.13,1.69
2013.07.18 05:28:36.798,0.82053,0.82073,1.13,1.69
2013.07.18 05:28:37.823,0.82053,0.82075,1.13,1.69
2013.07.18 05:28:38.262,0.82056,0.82078,1.13,1.69
2013.07.18 05:28:38.562,0.82056,0.8208,1.13,1.69
2013.07.18 05:28:40.829,0.82055,0.82081,1.13,1.69
2013.07.18 05:28:42.413,0.82051,0.82082,1.69,2.07
2013.07.18 05:28:43.136,0.82051,0.82079,1.50,1.69
2013.07.18 05:28:43.252,0.82051,0.82079,1.50,1.69
2013.07.18 05:28:44.390,0.82051,0.82079,1.13,1.69
2013.07.18 05:28:45.922,0.8205,0.82079,1.50,2.07
2013.07.18 05:28:46.423,0.82051,0.82079,1.13,2.07
2013.07.18 05:28:48.743,0.82051,0.82078,1.69,1.69
2013.07.18 05:28:49.253,0.82051,0.82078,1.69,1.69
2013.07.18 05:28:51.262,0.82051,0.82081,1.50,2.07
2013.07.18 05:28:53.847,0.82051,0.82081,1.50,1.69
2013.07.18 05:28:54.405,0.82051,0.8208,1.50,1.69
2013.07.18 05:28:57.593,0.82051,0.8208,1.69,1.69
2013.07.18 05:28:59.244,0.82051,0.82081,2.44,1.32
2013.07.18 05:28:59.788,0.82051,0.82082,2.44,2.44
2013.07.18 05:29:00.163,0.82051,0.82078,1.69,1.69
2013.07.18 05:29:00.223,0.82051,0.82077,1.32,1.13
2013.07.18 05:29:00.462,0.8205,0.82077,2.44,1.32
2013.07.18 05:29:02.556,0.82052,0.82078,1.32,1.32
2013.07.18 05:29:04.674,0.82053,0.8208,1.32,2.44
2013.07.18 05:29:04.864,0.82053,0.82078,1.13,1.69
2013.07.18 05:29:04.922,0.82051,0.82077,1.32,1.69
2013.07.18 05:29:04.983,0.82049,0.82077,2.07,1.69
2013.07.18 05:29:06.175,0.82049,0.82074,1.32,1.69
2013.07.18 05:29:09.996,0.82047,0.82075,1.32,2.07
2013.07.18 05:29:14.864,0.82047,0.82073,2.07,1.32
2013.07.18 05:29:16.258,0.82047,0.82074,1.69,1.32
2013.07.18 05:29:18.170,0.82048,0.82074,1.32,2.07
2013.07.18 05:29:22.624,0.8205,0.82077,1.32,1.32
2013.07.18 05:29:22.743,0.8205,0.82079,1.69,2.44
2013.07.18 05:29:23.794,0.82055,0.82081,1.32,2.07
2013.07.18 05:29:30.413,0.82055,0.82082,1.32,2.07
2013.07.18 05:29:30.532,0.82056,0.82083,1.32,2.82
2013.07.18 05:29:30.802,0.82056,0.82083,1.32,1.69
2013.07.18 05:29:31.304,0.82054,0.82081,2.07,1.32
2013.07.18 05:29:39.214,0.82054,0.82079,2.07,1.13
2013.07.18 05:29:39.993,0.82054,0.82079,1.32,1.13
2013.07.18 05:29:47.086,0.82053,0.82079,1.32,2.07
2013.07.18 05:29:47.602,0.82053,0.82079,1.32,2.44
2013.07.18 05:29:48.144,0.82051,0.82075,1.69,1.13
2013.07.18 05:29:48.964,0.82051,0.82075,1.69,1.32
2013.07.18 05:29:50.756,0.8205,0.82075,1.69,1.32
2013.07.18 05:29:52.504,0.82049,0.82075,1.32,1.32
2013.07.18 05:29:55.366,0.82049,0.82074,1.32,1.69
2013.07.18 05:29:55.663,0.82036,0.82066,1.32,1.13
2013.07.18 05:29:55.963,0.82032,0.82065,1.69,1.69
2013.07.18 05:29:56.773,0.82031,0.82064,1.32,1.32
2013.07.18 05:29:57.773,0.82028,0.8206,2.07,1.50
2013.07.18 05:29:58.152,0.82025,0.82059,1.50,2.07
2013.07.18 05:29:59.242,0.82025,0.82059,1.13,2.44
2013.07.18 05:30:00.429,0.82025,0.82057,1.13,1.69
2013.07.18 05:30:02.005,0.82025,0.82056,1.13,1.13
2013.07.18 05:30:02.744,0.8203,0.82057,1.13,1.32
2013.07.18 05:30:03.723,0.8203,0.82057,1.13,1.32
2013.07.18 05:30:11.366,0.82029,0.82059,1.13,2.82
2013.07.18 05:30:11.802,0.82026,0.82053,1.13,1.69
2013.07.18 05:30:12.273,0.82023,0.82053,1.13,1.32
2013.07.18 05:30:13.154,0.82022,0.82053,1.13,1.32
2013.07.18 05:30:14.500,0.82022,0.82053,1.13,1.32
2013.07.18 05:30:21.563,0.8202,0.82051,1.13,1.69
2013.07.18 05:30:23.144,0.8202,0.82051,1.13,1.69
2013.07.18 05:30:25.812,0.8202,0.82051,1.13,1.32
2013.07.18 05:30:29.191,0.8202,0.82051,1.13,1.69
2013.07.18 05:30:31.414,0.8202,0.82053,1.13,2.44
2013.07.18 05:30:31.942,0.8202,0.82049,1.13,1.69
2013.07.18 05:30:44.463,0.82016,0.82044,1.13,1.13
2013.07.18 05:30:49.774,0.82016,0.82044,1.32,1.32
2013.07.18 05:30:52.214,0.82016,0.82044,1.13,1.13
2013.07.18 05:30:56.422,0.82015,0.82044,1.69,1.32
2013.07.18 05:30:57.193,0.82015,0.82049,1.69,1.32
2013.07.18 05:30:57.312,0.82018,0.82053,1.69,1.32
2013.07.18 05:30:59.629,0.82017,0.82054,2.07,1.32
2013.07.18 05:30:59.962,0.82017,0.82053,2.07,2.07
2013.07.18 05:31:00.536,0.82019,0.82053,1.13,2.44
2013.07.18 05:31:01.732,0.82017,0.82051,1.32,2.07
2013.07.18 05:31:01.825,0.82021,0.82051,1.13,1.32
2013.07.18 05:31:01.954,0.82021,0.82051,1.13,1.32
2013.07.18 05:31:03.654,0.82022,0.82052,1.13,2.07
2013.07.18 05:31:04.184,0.82023,0.82052,1.13,2.07
2013.07.18 05:31:06.776,0.82023,0.82052,1.13,1.69
2013.07.18 05:31:15.493,0.82023,0.82051,1.13,1.69
2013.07.18 05:31:20.914,0.82022,0.82052,1.13,1.32
2013.07.18 05:31:23.512,0.82022,0.82052,1.32,1.32
2013.07.18 05:31:24.642,0.82022,0.82053,1.13,1.69
2013.07.18 05:31:25.454,0.82022,0.82053,1.13,1.69
2013.07.18 05:31:26.612,0.82021,0.82053,1.32,1.69
2013.07.18 05:31:26.695,0.82021,0.82053,1.32,1.69
2013.07.18 05:31:27.123,0.8202,0.82053,2.07,1.32
2013.07.18 05:31:29.733,0.82021,0.82054,2.07,1.32
2013.07.18 05:31:29.794,0.82021,0.82053,2.07,1.69
2013.07.18 05:31:30.103,0.82022,0.82055,2.07,1.69
2013.07.18 05:31:30.724,0.82024,0.82059,1.32,1.88
2013.07.18 05:31:30.903,0.82031,0.82059,1.13,1.13
2013.07.18 05:31:31.094,0.82031,0.82064,1.13,2.44
2013.07.18 05:31:31.215,0.82031,0.82064,1.50,1.50
2013.07.18 05:31:31.343,0.82033,0.82067,1.13,1.69
2013.07.18 05:31:31.673,0.82035,0.82068,1.88,1.13
2013.07.18 05:31:32.113,0.82037,0.82071,1.13,1.69
2013.07.18 05:31:32.463,0.82037,0.82072,1.13,1.13
2013.07.18 05:31:33.119,0.82037,0.82074,2.63,1.69
2013.07.18 05:31:33.244,0.82038,0.82074,1.13,1.50
2013.07.18 05:31:33.604,0.82044,0.82081,1.50,1.50
2013.07.18 05:31:33.663,0.82051,0.82081,1.50,1.50
2013.07.18 05:31:33.993,0.82051,0.82079,1.50,1.50
2013.07.18 05:31:35.703,0.82051,0.82079,1.50,1.50
2013.07.18 05:31:35.882,0.82051,0.82079,1.88,1.50
2013.07.18 05:31:38.843,0.82044,0.82079,1.88,1.50
2013.07.18 05:31:38.902,0.82044,0.82079,1.88,1.50
2013.07.18 05:31:40.401,0.82047,0.82078,1.88,1.50
2013.07.18 05:31:53.824,0.82047,0.82077,1.88,1.50
2013.07.18 05:31:53.943,0.82054,0.82086,1.13,1.32
2013.07.18 05:31:54.003,0.82056,0.82089,1.13,1.69
2013.07.18 05:31:54.124,0.82058,0.82089,1.13,1.69
2013.07.18 05:31:54.485,0.82056,0.82085,1.32,1.50
2013.07.18 05:31:55.034,0.82056,0.82087,1.32,1.50
2013.07.18 05:31:55.363,0.82056,0.82087,1.13,1.50
2013.07.18 05:31:57.613,0.82052,0.82087,1.69,1.50
2013.07.18 05:31:57.793,0.82052,0.82086,1.69,1.69
2013.07.18 05:32:01.433,0.8205,0.82083,2.82,1.69
2013.07.18 05:32:01.954,0.8205,0.82084,2.07,1.69
2013.07.18 05:32:03.034,0.82052,0.82084,1.32,1.69
2013.07.18 05:32:04.253,0.82056,0.82087,1.13,1.69
2013.07.18 05:32:04.313,0.82056,0.8209,1.13,1.50
2013.07.18 05:32:04.734,0.82056,0.8209,2.07,1.50
2013.07.18 05:32:06.425,0.82057,0.82092,1.69,1.50
2013.07.18 05:32:06.864,0.82059,0.82092,1.32,1.50
2013.07.18 05:32:07.234,0.82057,0.82092,1.69,2.25
2013.07.18 05:32:13.073,0.82053,0.82088,1.32,1.69
2013.07.18 05:32:13.133,0.82053,0.82088,1.32,2.44
2013.07.18 05:32:13.493,0.82052,0.82084,1.13,1.69
2013.07.18 05:32:13.553,0.82052,0.82079,1.13,1.50
2013.07.18 05:32:20.193,0.82052,0.8208,1.13,1.50
2013.07.18 05:32:20.313,0.82054,0.82084,1.13,2.44
2013.07.18 05:32:21.254,0.82054,0.82084,1.13,1.69
2013.07.18 05:32:21.829,0.82056,0.82084,1.13,1.69
2013.07.18 05:32:22.013,0.82056,0.82087,1.13,1.50
2013.07.18 05:32:22.694,0.82056,0.82089,1.13,1.50
2013.07.18 05:32:22.886,0.82056,0.8209,1.13,2.44
2013.07.18 05:32:25.495,0.82056,0.8209,1.13,2.44
2013.07.18 05:32:29.303,0.82056,0.8209,1.13,1.50
2013.07.18 05:32:31.064,0.82056,0.82092,1.32,1.50
2013.07.18 05:32:32.134,0.82056,0.82091,1.32,1.50
2013.07.18 05:32:40.629,0.82057,0.82089,1.32,1.32
2013.07.18 05:32:41.204,0.82057,0.82092,1.13,1.69
2013.07.18 05:32:50.584,0.82057,0.82092,2.07,1.69
2013.07.18 05:33:07.903,0.82057,0.82089,1.32,1.50
2013.07.18 05:33:07.963,0.82056,0.82089,1.13,1.69
2013.07.18 05:33:08.083,0.82056,0.82087,1.13,1.69
2013.07.18 05:33:08.666,0.82056,0.82084,1.13,1.32
2013.07.18 05:33:10.173,0.82056,0.82084,1.13,1.13
2013.07.18 05:33:10.530,0.82056,0.82086,1.13,1.13
2013.07.18 05:33:17.564,0.82056,0.82086,1.13,1.13
2013.07.18 05:33:20.694,0.82056,0.82086,1.13,1.13
2013.07.18 05:33:22.544,0.82054,0.82086,1.32,1.32
2013.07.18 05:33:22.793,0.82051,0.82085,1.13,2.07
2013.07.18 05:33:23.303,0.82051,0.82083,1.13,2.07
2013.07.18 05:33:28.254,0.82051,0.82082,1.13,1.69
2013.07.18 05:33:33.673,0.82051,0.82081,1.32,2.44
2013.07.18 05:33:34.316,0.82051,0.82081,1.32,1.69
2013.07.18 05:33:34.376,0.82051,0.82081,1.32,1.69
2013.07.18 05:33:35.854,0.82051,0.82082,1.32,2.44
2013.07.18 05:33:39.233,0.82051,0.82081,1.13,2.07
2013.07.18 05:33:39.484,0.82049,0.82079,1.69,1.69
2013.07.18 05:33:39.843,0.82051,0.82079,1.13,2.07
2013.07.18 05:33:39.904,0.82051,0.82081,1.13,1.69
2013.07.18 05:33:40.243,0.82054,0.82084,1.13,2.82
2013.07.18 05:33:41.624,0.82051,0.82084,1.13,2.44
2013.07.18 05:33:41.844,0.82053,0.82084,1.13,2.07
2013.07.18 05:33:41.963,0.82053,0.82084,1.32,1.88
2013.07.18 05:33:42.213,0.82055,0.82084,1.32,1.13
2013.07.18 05:33:42.944,0.82054,0.82085,1.13,2.07
2013.07.18 05:33:43.003,0.82051,0.82084,1.32,1.69
2013.07.18 05:33:43.183,0.82051,0.82083,1.32,1.32
2013.07.18 05:33:54.662,0.82051,0.8208,1.13,1.69
2013.07.18 05:33:57.150,0.82051,0.8208,1.13,1.69
2013.07.18 05:34:02.023,0.82051,0.8208,1.13,1.69
2013.07.18 05:34:02.203,0.82041,0.82072,1.50,1.69
2013.07.18 05:34:02.524,0.8204,0.82072,1.32,1.69
2013.07.18 05:34:02.763,0.82038,0.82073,1.50,2.44
2013.07.18 05:34:03.835,0.82035,0.82071,1.88,1.69
2013.07.18 05:34:06.584,0.82037,0.82071,1.13,1.69
2013.07.18 05:34:11.143,0.82037,0.82071,1.13,1.69
2013.07.18 05:34:12.733,0.82037,0.82068,1.13,1.50
2013.07.18 05:34:12.853,0.82031,0.82068,2.07,1.69
2013.07.18 05:34:13.184,0.82031,0.82068,1.13,1.69
2013.07.18 05:34:13.244,0.82029,0.82067,1.13,1.69
2013.07.18 05:34:14.824,0.82027,0.82067,2.25,2.44
2013.07.18 05:34:18.253,0.82027,0.82066,1.88,1.50
2013.07.18 05:34:19.713,0.82027,0.82063,1.13,1.13
2013.07.18 05:34:20.305,0.82026,0.82062,1.32,1.88
2013.07.18 05:34:21.386,0.82026,0.82061,1.32,1.50
2013.07.18 05:34:24.125,0.82026,0.82061,1.32,1.50
2013.07.18 05:34:24.695,0.82026,0.82062,2.07,1.32
2013.07.18 05:34:26.773,0.82027,0.82062,1.32,1.13
2013.07.18 05:34:38.273,0.82026,0.82062,1.13,1.13
2013.07.18 05:34:55.173,0.82026,0.82061,1.32,1.13
2013.07.18 05:35:04.514,0.82026,0.8206,2.07,1.13
2013.07.18 05:35:07.463,0.82026,0.82061,1.32,1.13
2013.07.18 05:35:08.174,0.82021,0.82056,3.19,1.13
2013.07.18 05:35:31.214,0.82025,0.82057,1.32,1.13
2013.07.18 05:35:33.344,0.82032,0.82057,1.13,1.13
2013.07.18 05:35:35.000,0.82031,0.82056,1.13,1.32
2013.07.18 05:35:36.476,0.82021,0.82056,3.57,1.32
2013.07.18 05:35:41.105,0.82028,0.82056,1.32,1.13
2013.07.18 05:35:46.134,0.82028,0.82056,1.32,1.13
2013.07.18 05:35:46.193,0.82028,0.82056,1.32,1.13
2013.07.18 05:35:54.174,0.82025,0.82056,1.32,1.13
2013.07.18 05:36:00.233,0.82025,0.82056,1.32,1.13
2013.07.18 05:36:02.295,0.82028,0.8206,1.32,2.07
2013.07.18 05:36:06.414,0.82031,0.82059,1.32,1.13
2013.07.18 05:36:07.243,0.82028,0.82054,1.69,1.13
2013.07.18 05:36:07.454,0.82028,0.82061,1.69,1.32
2013.07.18 05:36:10.234,0.82029,0.82061,1.13,1.32
2013.07.18 05:36:11.793,0.82027,0.82061,2.07,1.32
2013.07.18 05:36:11.913,0.82027,0.8206,2.07,1.32
2013.07.18 05:36:12.294,0.82027,0.8206,2.07,1.32
2013.07.18 05:36:12.514,0.82027,0.8206,2.07,1.32
2013.07.18 05:36:13.534,0.82027,0.82061,2.07,1.32
2013.07.18 05:36:14.053,0.82036,0.82061,1.88,1.13
2013.07.18 05:36:14.413,0.82042,0.8207,1.88,1.32
2013.07.18 05:36:14.533,0.82048,0.82075,1.69,1.50
2013.07.18 05:36:14.653,0.82051,0.82079,1.69,1.13
2013.07.18 05:36:14.778,0.82051,0.82085,1.69,1.32
2013.07.18 05:36:15.083,0.82057,0.82085,1.13,1.32
2013.07.18 05:36:15.263,0.82058,0.82089,1.13,2.44
2013.07.18 05:36:15.504,0.82059,0.82089,1.32,1.50
2013.07.18 05:36:15.963,0.82061,0.82091,1.32,1.88
2013.07.18 05:36:18.163,0.82052,0.82088,1.69,1.32
2013.07.18 05:36:18.224,0.82056,0.82088,1.50,1.32
2013.07.18 05:36:18.284,0.82056,0.82078,1.13,1.50
2013.07.18 05:36:18.404,0.8205,0.82078,1.32,1.50
2013.07.18 05:36:18.525,0.82052,0.82078,2.07,1.50
2013.07.18 05:36:19.413,0.82052,0.82083,1.32,1.50
2013.07.18 05:36:19.474,0.82054,0.82084,1.32,2.25
2013.07.18 05:36:20.305,0.82054,0.82084,1.32,1.50
2013.07.18 05:36:24.715,0.82056,0.82087,1.13,1.13
2013.07.18 05:36:25.743,0.82056,0.82087,1.32,1.88
2013.07.18 05:36:27.924,0.82056,0.82087,1.32,1.13
2013.07.18 05:36:28.103,0.82059,0.82089,1.13,1.50
2013.07.18 05:36:32.873,0.8206,0.82093,1.32,1.69
2013.07.18 05:36:32.994,0.8206,0.82093,1.32,1.50
2013.07.18 05:36:34.646,0.82061,0.82094,1.69,1.50
2013.07.18 05:36:35.117,0.82061,0.82095,1.69,1.50
2013.07.18 05:36:35.484,0.8207,0.82099,1.69,1.69
2013.07.18 05:36:36.983,0.82071,0.82101,1.32,1.50
2013.07.18 05:36:38.144,0.8207,0.82103,1.32,1.69
2013.07.18 05:36:38.203,0.82067,0.82103,1.88,1.69
2013.07.18 05:36:38.323,0.82067,0.82099,1.50,2.25
2013.07.18 05:36:38.383,0.82067,0.82099,1.50,2.25
2013.07.18 05:36:38.953,0.82061,0.821,2.44,1.50
2013.07.18 05:36:39.899,0.82064,0.821,1.69,1.50
2013.07.18 05:36:40.244,0.82061,0.821,2.44,1.50
2013.07.18 05:36:43.134,0.82067,0.821,1.13,1.50
2013.07.18 05:36:43.814,0.82066,0.821,1.13,1.50
2013.07.18 05:36:44.448,0.82062,0.821,1.69,1.50
2013.07.18 05:36:45.415,0.82066,0.82104,1.69,1.50
2013.07.18 05:36:45.474,0.82066,0.82106,1.69,1.69
2013.07.18 05:36:46.195,0.82067,0.82106,1.69,1.50
2013.07.18 05:36:47.663,0.82072,0.82106,1.69,1.50
2013.07.18 05:36:48.325,0.82073,0.82109,1.69,1.50
2013.07.18 05:36:48.885,0.82075,0.82109,1.32,1.50
2013.07.18 05:36:49.604,0.82075,0.82109,1.32,1.50
2013.07.18 05:36:51.095,0.82075,0.82109,1.32,1.50
2013.07.18 05:36:54.874,0.82077,0.82109,1.32,1.50
2013.07.18 05:36:55.474,0.82077,0.82114,1.32,1.50
2013.07.18 05:36:55.773,0.82076,0.82108,2.07,1.50
2013.07.18 05:36:56.730,0.82076,0.82108,1.69,1.50
2013.07.18 05:36:57.148,0.82076,0.82108,1.69,1.50
2013.07.18 05:36:57.865,0.82073,0.82108,1.13,1.50
2013.07.18 05:36:58.193,0.8207,0.82103,1.13,1.50
2013.07.18 05:36:59.274,0.82067,0.82103,2.44,1.50
2013.07.18 05:37:00.093,0.82072,0.82103,1.13,1.50
2013.07.18 05:37:00.214,0.82069,0.82102,1.32,1.50
2013.07.18 05:37:00.513,0.82073,0.82105,1.13,1.69
2013.07.18 05:37:01.066,0.82075,0.82106,1.13,1.69
2013.07.18 05:37:02.275,0.82073,0.82105,1.32,1.69
2013.07.18 05:37:04.579,0.82073,0.82106,1.32,1.69
2013.07.18 05:37:05.106,0.82073,0.82104,1.32,1.69
2013.07.18 05:37:05.595,0.82071,0.82104,1.32,1.69
2013.07.18 05:37:06.485,0.8207,0.82104,1.69,2.07
2013.07.18 05:37:06.822,0.82069,0.82098,1.69,1.69
2013.07.18 05:37:07.395,0.82066,0.82095,2.82,1.13
2013.07.18 05:37:12.184,0.82066,0.82099,1.32,1.69
2013.07.18 05:37:12.309,0.82067,0.82101,1.69,1.69
2013.07.18 05:37:14.913,0.82069,0.82102,1.69,1.32
2013.07.18 05:37:16.143,0.82068,0.82101,1.32,1.69
2013.07.18 05:37:17.903,0.82068,0.82099,1.32,1.69
2013.07.18 05:37:21.356,0.82068,0.82094,1.13,1.13
2013.07.18 05:37:21.655,0.82064,0.82093,1.88,2.07
2013.07.18 05:37:21.975,0.82064,0.82089,1.88,2.82
2013.07.18 05:37:22.685,0.82062,0.82089,1.13,2.82
2013.07.18 05:37:23.683,0.82058,0.82089,2.82,2.07
2013.07.18 05:37:24.475,0.82053,0.82087,1.32,1.50
2013.07.18 05:37:26.395,0.82053,0.82087,1.32,1.50
2013.07.18 05:37:26.504,0.82053,0.82086,1.32,1.50
2013.07.18 05:37:26.684,0.82053,0.82085,1.32,2.07
2013.07.18 05:37:29.956,0.82052,0.82081,1.32,1.32
2013.07.18 05:37:30.133,0.82052,0.82078,1.32,1.13
2013.07.18 05:37:30.313,0.8205,0.82078,2.07,1.13
2013.07.18 05:37:32.054,0.8205,0.82078,2.07,1.13
2013.07.18 05:37:33.415,0.82052,0.8208,1.32,1.13
2013.07.18 05:37:33.653,0.82056,0.82085,1.13,1.69
2013.07.18 05:37:33.773,0.82056,0.82086,1.32,1.32
2013.07.18 05:37:34.105,0.82056,0.82086,1.32,1.32
2013.07.18 05:37:35.953,0.82054,0.82084,1.32,1.32
2013.07.18 05:37:36.073,0.82053,0.82082,1.32,1.13
2013.07.18 05:37:38.225,0.82054,0.82082,1.32,1.13
2013.07.18 05:37:38.743,0.82057,0.82082,1.32,1.13
2013.07.18 05:37:39.914,0.82059,0.82087,1.32,1.13
2013.07.18 05:37:40.034,0.82059,0.82088,1.32,1.50
2013.07.18 05:37:40.094,0.82059,0.82089,1.32,1.32
2013.07.18 05:37:40.453,0.82062,0.82089,1.13,1.32
2013.07.18 05:37:42.184,0.82059,0.82089,1.32,1.32
2013.07.18 05:37:42.904,0.82057,0.82089,2.07,1.13
2013.07.18 05:37:43.534,0.82057,0.82087,2.07,1.13
2013.07.18 05:37:49.693,0.82058,0.82089,1.32,1.13
2013.07.18 05:37:50.514,0.82059,0.82089,2.07,1.13
2013.07.18 05:37:51.834,0.82061,0.82089,1.32,1.32
2013.07.18 05:37:57.215,0.82061,0.82089,2.82,1.32
2013.07.18 05:37:58.155,0.82061,0.82089,2.82,1.32
2013.07.18 05:38:00.104,0.82061,0.82089,2.82,1.32
2013.07.18 05:38:00.776,0.82062,0.82089,1.32,1.32
2013.07.18 05:38:03.244,0.82062,0.82089,1.32,1.32
2013.07.18 05:38:14.060,0.82062,0.82089,1.32,1.13
2013.07.18 05:38:14.404,0.82062,0.82089,1.32,1.13
2013.07.18 05:38:18.470,0.82062,0.82089,2.82,1.13
2013.07.18 05:38:18.694,0.82062,0.82089,2.82,1.13
2013.07.18 05:38:18.872,0.82062,0.82089,2.44,1.13
2013.07.18 05:38:19.423,0.82062,0.82089,1.69,1.32
2013.07.18 05:38:20.103,0.82062,0.82089,1.69,1.32
2013.07.18 05:38:22.473,0.82061,0.82089,2.07,1.32
2013.07.18 05:38:24.346,0.82061,0.82086,1.32,1.13
2013.07.18 05:38:24.473,0.82058,0.82086,1.69,1.13
2013.07.18 05:38:30.241,0.82057,0.82084,1.69,1.13
2013.07.18 05:38:36.183,0.82058,0.82084,1.69,1.13
2013.07.18 05:38:46.225,0.82058,0.82084,1.69,1.13
2013.07.18 05:38:47.215,0.82059,0.82084,1.32,1.13
2013.07.18 05:38:49.034,0.82059,0.82084,2.07,1.13
2013.07.18 05:38:49.174,0.82058,0.82084,1.69,1.13
2013.07.18 05:38:49.484,0.82057,0.82084,1.50,1.13
2013.07.18 05:38:50.984,0.8206,0.82086,1.13,1.13
2013.07.18 05:38:51.223,0.8206,0.82089,1.88,1.32
2013.07.18 05:38:52.054,0.82061,0.8209,2.07,1.32
2013.07.18 05:38:52.895,0.82061,0.8209,1.32,1.32
2013.07.18 05:39:00.204,0.82062,0.82089,1.32,1.32
2013.07.18 05:39:03.293,0.82062,0.82089,2.07,1.13
2013.07.18 05:39:10.214,0.82062,0.82089,1.13,2.07
2013.07.18 05:39:14.637,0.82062,0.8209,1.32,1.32
2013.07.18 05:39:16.942,0.82058,0.8209,1.32,1.32
2013.07.18 05:39:24.166,0.82062,0.8209,1.32,1.32
2013.07.18 05:39:24.908,0.82062,0.82089,1.32,1.32
2013.07.18 05:39:25.035,0.82068,0.82089,1.13,1.13
2013.07.18 05:39:25.579,0.82065,0.82095,1.32,1.13
2013.07.18 05:39:25.884,0.82061,0.82097,1.69,1.32
2013.07.18 05:39:28.344,0.82063,0.82096,1.69,1.32
2013.07.18 05:39:29.355,0.82063,0.82096,1.69,1.32
2013.07.18 05:39:30.395,0.82064,0.82093,1.50,1.13
2013.07.18 05:39:30.947,0.82064,0.82093,1.69,1.13
2013.07.18 05:39:32.984,0.82063,0.82093,1.69,1.13
2013.07.18 05:39:33.587,0.82064,0.82093,2.07,1.13
2013.07.18 05:39:34.194,0.82063,0.82094,2.07,1.13
2013.07.18 05:39:34.485,0.82064,0.82094,1.50,1.13
2013.07.18 05:39:35.238,0.82064,0.82094,1.13,1.13
2013.07.18 05:39:38.214,0.82064,0.82094,2.07,1.32
2013.07.18 05:39:38.661,0.82064,0.8209,1.13,1.13
2013.07.18 05:39:41.125,0.82062,0.82094,1.13,1.69
2013.07.18 05:39:41.304,0.82067,0.82098,1.13,2.07
2013.07.18 05:39:43.105,0.82066,0.82095,1.50,1.32
2013.07.18 05:39:44.205,0.82066,0.82097,1.69,1.32
2013.07.18 05:39:47.944,0.82068,0.82097,1.32,1.32
2013.07.18 05:39:49.291,0.82069,0.82098,1.69,1.32
2013.07.18 05:39:49.896,0.82071,0.82098,1.69,1.13
2013.07.18 05:39:50.224,0.82073,0.82103,1.69,1.69
2013.07.18 05:39:50.344,0.82078,0.82109,2.07,1.88
2013.07.18 05:39:50.464,0.82081,0.82114,1.32,1.88
2013.07.18 05:39:50.524,0.82081,0.82114,2.44,1.13
2013.07.18 05:39:50.584,0.82081,0.82117,2.44,1.50
2013.07.18 05:39:50.944,0.82083,0.82122,1.32,1.69
2013.07.18 05:39:51.064,0.82087,0.82123,1.50,1.50
2013.07.18 05:39:51.971,0.82087,0.82123,1.13,2.25
2013.07.18 05:39:52.724,0.82087,0.82123,1.13,2.25
2013.07.18 05:39:53.083,0.82089,0.82125,2.07,1.69
2013.07.18 05:39:53.144,0.82089,0.82125,2.07,1.69
2013.07.18 05:39:54.078,0.82091,0.82125,2.44,1.69
2013.07.18 05:39:56.054,0.82091,0.82125,1.69,1.69
2013.07.18 05:39:56.173,0.82087,0.82125,1.69,2.44
2013.07.18 05:39:56.474,0.82087,0.82118,1.69,1.69
2013.07.18 05:39:56.533,0.82087,0.82119,1.69,1.69
2013.07.18 05:39:58.274,0.82088,0.82118,1.13,1.50
2013.07.18 05:39:59.115,0.82088,0.82118,1.13,1.50
2013.07.18 05:40:01.165,0.82083,0.82118,1.69,1.50
2013.07.18 05:40:02.965,0.82081,0.82114,1.32,1.50
2013.07.18 05:40:03.147,0.82078,0.82114,1.69,1.50
2013.07.18 05:40:04.305,0.82077,0.82113,1.32,1.88
2013.07.18 05:40:04.933,0.82079,0.82113,1.69,1.13
2013.07.18 05:40:10.433,0.82078,0.82114,1.69,1.13
2013.07.18 05:40:12.684,0.82078,0.82114,1.32,1.88
2013.07.18 05:40:16.254,0.82081,0.82114,1.32,2.07
2013.07.18 05:40:18.794,0.82078,0.82113,1.32,1.50
2013.07.18 05:40:25.405,0.82082,0.82114,1.69,2.07
2013.07.18 05:40:25.645,0.82081,0.82114,1.50,1.32
2013.07.18 05:40:26.066,0.82082,0.8211,1.13,2.82
2013.07.18 05:40:27.433,0.82077,0.82109,1.69,1.13
2013.07.18 05:40:28.204,0.82077,0.82109,2.44,1.13
2013.07.18 05:40:28.745,0.82077,0.82109,2.44,1.13
2013.07.18 05:40:31.060,0.82077,0.8211,2.44,1.32
2013.07.18 05:40:33.581,0.8208,0.82111,1.13,1.32
2013.07.18 05:40:34.572,0.82079,0.8211,2.07,1.32
2013.07.18 05:40:43.834,0.82081,0.82113,1.69,1.32
2013.07.18 05:40:44.015,0.8208,0.82114,2.07,1.32
2013.07.18 05:40:47.166,0.8208,0.82113,1.69,1.50
2013.07.18 05:40:47.405,0.82081,0.82119,1.69,1.69
2013.07.18 05:40:47.524,0.82082,0.82118,1.69,1.50
2013.07.18 05:40:48.124,0.82082,0.82123,1.69,2.07
2013.07.18 05:40:48.244,0.82083,0.82123,2.44,1.69
2013.07.18 05:40:50.355,0.82084,0.8212,1.69,1.50
2013.07.18 05:40:59.545,0.82086,0.82122,1.50,1.50
2013.07.18 05:41:00.084,0.8208,0.8211,1.69,1.50
2013.07.18 05:41:15.244,0.82078,0.82109,1.13,1.13
2013.07.18 05:41:17.154,0.82078,0.82113,2.44,2.44
2013.07.18 05:41:25.474,0.82076,0.8211,2.82,2.07
2013.07.18 05:41:27.181,0.82076,0.8211,1.32,2.07
2013.07.18 05:41:33.654,0.82076,0.8211,1.13,2.07
2013.07.18 05:41:38.363,0.82074,0.82107,1.69,1.69
2013.07.18 05:41:42.373,0.82075,0.82107,2.07,1.69
2013.07.18 05:41:46.885,0.82076,0.82109,2.07,3.19
2013.07.18 05:41:59.315,0.82075,0.82108,1.69,2.07
2013.07.18 05:42:09.885,0.82076,0.82109,2.07,2.82
2013.07.18 05:42:18.701,0.82074,0.82107,2.44,1.32
2013.07.18 05:42:27.094,0.82075,0.82105,1.69,1.32
2013.07.18 05:42:29.295,0.82076,0.82105,1.69,1.13
2013.07.18 05:42:30.424,0.82075,0.82105,1.69,1.13
2013.07.18 05:42:33.774,0.82075,0.82109,1.32,1.69
2013.07.18 05:42:38.185,0.82075,0.8211,1.32,2.44
2013.07.18 05:42:39.414,0.82075,0.82107,1.32,1.13
2013.07.18 05:42:41.339,0.82073,0.82107,1.32,1.32
2013.07.18 05:42:42.520,0.82073,0.82107,1.32,2.07
2013.07.18 05:42:48.615,0.82073,0.82105,1.32,1.32
2013.07.18 05:42:49.244,0.82073,0.82107,1.32,1.69
2013.07.18 05:42:50.544,0.82073,0.82107,1.32,1.69
2013.07.18 05:42:51.064,0.82073,0.82105,1.32,1.32
2013.07.18 05:42:51.334,0.82073,0.82105,1.32,1.32
2013.07.18 05:42:57.748,0.82073,0.82106,1.32,1.69
2013.07.18 05:42:57.826,0.82073,0.82105,1.32,1.32
2013.07.18 05:42:58.064,0.82073,0.82107,1.32,1.69
2013.07.18 05:42:58.609,0.82074,0.82108,1.32,2.44
2013.07.18 05:42:59.045,0.82074,0.82108,1.32,2.44
2013.07.18 05:43:00.176,0.82074,0.82105,1.32,1.13
2013.07.18 05:43:00.965,0.82072,0.82105,2.44,1.32
2013.07.18 05:43:01.465,0.82072,0.82105,1.32,1.32
2013.07.18 05:43:06.745,0.8207,0.82105,1.69,2.07
2013.07.18 05:43:09.664,0.82068,0.82101,2.07,1.69
2013.07.18 05:43:09.965,0.82068,0.821,1.50,1.69
2013.07.18 05:43:10.264,0.82057,0.82096,2.07,1.50
2013.07.18 05:43:10.794,0.82058,0.82093,1.13,1.50
2013.07.18 05:43:11.410,0.82057,0.82093,1.50,1.50
2013.07.18 05:43:12.395,0.82057,0.82094,1.50,2.25
2013.07.18 05:43:13.460,0.82057,0.82093,1.50,1.50
2013.07.18 05:43:14.324,0.82063,0.82094,1.13,1.69
2013.07.18 05:43:14.624,0.82066,0.82097,1.13,1.69
2013.07.18 05:43:14.744,0.82066,0.82097,1.13,1.69
2013.07.18 05:43:16.140,0.82068,0.82101,1.32,1.50
2013.07.18 05:43:21.537,0.82069,0.82101,1.69,1.13
2013.07.18 05:43:21.938,0.82071,0.82101,1.32,1.13
2013.07.18 05:43:25.215,0.82067,0.82102,1.32,2.07
2013.07.18 05:43:25.634,0.82063,0.82099,1.32,1.13
2013.07.18 05:43:26.034,0.82063,0.82101,1.32,2.07
2013.07.18 05:43:28.786,0.82059,0.82099,2.44,1.69
2013.07.18 05:43:28.904,0.82059,0.82099,1.69,1.69
2013.07.18 05:43:29.296,0.82059,0.82099,1.69,1.69
2013.07.18 05:43:29.915,0.82059,0.82099,1.32,1.69
2013.07.18 05:43:30.344,0.82059,0.82099,1.13,1.69
2013.07.18 05:43:31.015,0.82057,0.82097,1.32,1.50
2013.07.18 05:43:32.935,0.82052,0.82094,1.69,1.50
2013.07.18 05:43:33.184,0.82051,0.8209,1.69,1.50
2013.07.18 05:43:34.235,0.82052,0.82092,1.69,1.50
2013.07.18 05:43:39.684,0.82064,0.82096,1.13,1.50
2013.07.18 05:43:40.651,0.82057,0.82099,1.13,2.25
2013.07.18 05:43:41.646,0.82067,0.821,1.13,1.69
2013.07.18 05:43:41.824,0.82067,0.82102,1.13,1.69
2013.07.18 05:43:43.270,0.82067,0.82102,1.13,1.69
2013.07.18 05:43:43.860,0.82074,0.82102,1.13,1.69
2013.07.18 05:43:44.164,0.82066,0.82098,1.13,1.69
2013.07.18 05:43:44.225,0.82066,0.821,1.32,2.44
2013.07.18 05:43:44.705,0.82067,0.821,1.32,1.50
2013.07.18 05:43:45.225,0.82067,0.821,1.32,1.50
2013.07.18 05:43:47.135,0.82071,0.82102,1.32,1.50
2013.07.18 05:43:47.724,0.82071,0.82099,1.32,1.50
2013.07.18 05:43:47.904,0.82067,0.82099,2.44,1.50
2013.07.18 05:43:47.969,0.82067,0.82102,2.44,2.07
2013.07.18 05:43:48.084,0.82069,0.82102,1.32,1.88
2013.07.18 05:43:48.144,0.82076,0.82105,1.13,1.13
2013.07.18 05:43:48.264,0.82076,0.82105,2.07,1.13
2013.07.18 05:43:48.395,0.82076,0.82109,2.07,1.50
2013.07.18 05:43:49.070,0.82076,0.82111,2.07,1.50
2013.07.18 05:43:51.346,0.82082,0.82116,1.50,1.13
2013.07.18 05:43:51.405,0.82082,0.82117,1.50,1.13
2013.07.18 05:43:52.015,0.82082,0.82118,1.50,1.50
2013.07.18 05:43:54.514,0.82082,0.82118,1.50,1.69
2013.07.18 05:43:55.345,0.82082,0.82118,1.50,1.50
2013.07.18 05:43:55.576,0.82076,0.82118,1.69,1.50
2013.07.18 05:43:55.934,0.82076,0.82114,1.50,1.50
2013.07.18 05:43:56.054,0.82076,0.82114,1.50,1.50
2013.07.18 05:43:56.599,0.82071,0.8211,1.69,1.50
2013.07.18 05:43:56.904,0.82081,0.82117,1.50,1.32
2013.07.18 05:43:57.417,0.82076,0.82115,1.69,1.13
2013.07.18 05:43:58.625,0.8208,0.82117,1.13,1.69
2013.07.18 05:43:58.994,0.82082,0.82117,1.13,2.44
2013.07.18 05:44:00.370,0.82076,0.82117,2.07,2.44
2013.07.18 05:44:00.745,0.82076,0.82117,2.44,1.69
2013.07.18 05:44:02.735,0.82079,0.82114,1.69,1.50
2013.07.18 05:44:03.094,0.82079,0.82115,1.69,1.50
2013.07.18 05:44:03.465,0.82082,0.82119,2.07,1.69
2013.07.18 05:44:06.684,0.82082,0.8211,1.13,1.13
2013.07.18 05:44:07.525,0.82078,0.82112,1.69,2.07
2013.07.18 05:44:08.995,0.82077,0.82112,2.07,2.82
2013.07.18 05:44:10.916,0.82077,0.82111,1.32,1.69
2013.07.18 05:44:15.057,0.82077,0.82111,1.32,2.07
2013.07.18 05:44:16.274,0.82077,0.82111,1.32,1.32
2013.07.18 05:44:16.514,0.82077,0.82105,1.13,1.69
2013.07.18 05:44:18.305,0.82077,0.82105,1.13,1.50
2013.07.18 05:44:18.765,0.82071,0.82105,1.32,1.50
2013.07.18 05:44:18.904,0.82077,0.82108,1.13,2.07
2013.07.18 05:44:19.144,0.82077,0.82108,1.13,1.88
2013.07.18 05:44:19.754,0.82075,0.82108,1.13,2.25
2013.07.18 05:44:20.925,0.82077,0.82108,1.13,2.25
2013.07.18 05:44:21.485,0.82077,0.82108,1.13,1.50
2013.07.18 05:44:21.664,0.82072,0.82111,1.88,2.07
2013.07.18 05:44:22.404,0.82077,0.82115,1.50,1.13
2013.07.18 05:44:22.464,0.82077,0.82115,1.50,1.13
2013.07.18 05:44:22.565,0.82079,0.82115,1.50,1.13
2013.07.18 05:44:23.053,0.82079,0.82115,1.50,1.88
2013.07.18 05:44:23.367,0.82082,0.82112,1.13,1.50
2013.07.18 05:44:23.725,0.82082,0.82117,1.32,1.69
2013.07.18 05:44:25.014,0.82082,0.82115,1.13,1.69
2013.07.18 05:44:25.705,0.82082,0.82115,1.13,1.69
2013.07.18 05:44:25.824,0.82082,0.82115,1.13,1.69
2013.07.18 05:44:28.624,0.82082,0.82118,2.07,1.69
2013.07.18 05:44:28.685,0.82086,0.82118,1.13,1.69
2013.07.18 05:44:30.425,0.82086,0.82119,1.13,2.07
2013.07.18 05:44:33.985,0.82086,0.82119,1.69,1.88
2013.07.18 05:44:36.424,0.82088,0.82119,1.69,1.88
2013.07.18 05:44:37.225,0.82087,0.82119,1.13,1.32
2013.07.18 05:44:37.347,0.82086,0.82119,1.13,2.07
2013.07.18 05:44:37.465,0.82086,0.82119,1.13,2.07
2013.07.18 05:44:37.525,0.82086,0.82119,1.13,2.82
2013.07.18 05:44:37.875,0.82087,0.82118,1.13,1.69
2013.07.18 05:44:38.395,0.82088,0.82119,1.13,1.69
2013.07.18 05:44:39.855,0.82087,0.82119,1.13,1.69
2013.07.18 05:44:45.834,0.82087,0.82116,1.50,1.50
2013.07.18 05:44:46.475,0.82095,0.82119,1.13,1.50
2013.07.18 05:44:49.635,0.82095,0.82119,1.13,1.50
2013.07.18 05:44:52.634,0.82086,0.82121,2.07,1.69
2013.07.18 05:44:54.032,0.82087,0.82118,1.32,1.50
2013.07.18 05:44:55.304,0.82087,0.82119,2.07,1.50
2013.07.18 05:44:57.124,0.82087,0.82119,2.07,1.50
2013.07.18 05:44:58.884,0.82097,0.82119,1.13,1.50
2013.07.18 05:44:59.124,0.8209,0.82124,1.32,1.69
2013.07.18 05:44:59.484,0.82092,0.82123,1.13,2.82
2013.07.18 05:44:59.914,0.82087,0.82123,1.32,2.82
2013.07.18 05:45:00.444,0.82096,0.82123,1.13,1.69
2013.07.18 05:45:01.835,0.82097,0.82123,1.13,1.69
2013.07.18 05:45:03.426,0.82089,0.82121,1.32,1.69
2013.07.18 05:45:05.474,0.82088,0.82121,1.32,2.44
2013.07.18 05:45:05.815,0.82088,0.82117,1.32,1.50
2013.07.18 05:45:06.251,0.82096,0.8212,1.13,1.69
2013.07.18 05:45:07.086,0.82088,0.8212,1.32,1.69
2013.07.18 05:45:08.159,0.82096,0.8212,1.13,1.69
2013.07.18 05:45:08.275,0.82087,0.8212,1.32,1.69
2013.07.18 05:45:08.456,0.82093,0.8212,1.13,1.69
2013.07.18 05:45:08.906,0.82082,0.82117,1.32,1.50
2013.07.18 05:45:09.024,0.82082,0.82114,1.32,1.50
2013.07.18 05:45:09.336,0.82086,0.82114,1.13,1.50
2013.07.18 05:45:09.866,0.82086,0.82118,1.13,1.69
2013.07.18 05:45:10.234,0.82086,0.82118,1.13,1.69
2013.07.18 05:45:11.277,0.82086,0.82119,1.13,2.44
2013.07.18 05:45:11.794,0.82091,0.82119,1.13,2.44
2013.07.18 05:45:12.855,0.82087,0.82118,1.32,1.69
2013.07.18 05:45:13.305,0.82087,0.82117,1.13,1.69
2013.07.18 05:45:14.395,0.82082,0.82117,1.69,1.69
2013.07.18 05:45:15.375,0.82081,0.82116,1.32,1.69
2013.07.18 05:45:15.925,0.82081,0.82116,1.32,1.69
2013.07.18 05:45:16.878,0.82081,0.82116,1.32,1.69
2013.07.18 05:45:17.584,0.82081,0.82116,1.32,1.69
2013.07.18 05:45:18.720,0.82081,0.82116,1.32,1.69
2013.07.18 05:45:21.345,0.82082,0.82116,1.32,1.69
2013.07.18 05:45:22.865,0.82087,0.82116,1.13,1.69
2013.07.18 05:45:26.924,0.82087,0.82119,2.07,1.69
2013.07.18 05:45:28.175,0.82097,0.82119,1.13,1.69
2013.07.18 05:45:29.180,0.82097,0.82121,1.13,1.69
2013.07.18 05:45:29.985,0.82097,0.82121,1.13,1.69
2013.07.18 05:45:31.006,0.82096,0.82121,1.13,1.69
2013.07.18 05:45:35.405,0.82087,0.82121,2.44,2.07
2013.07.18 05:45:37.616,0.82087,0.82118,1.13,1.69
2013.07.18 05:45:43.115,0.82092,0.82118,1.88,1.32
2013.07.18 05:45:44.256,0.82094,0.82119,1.13,1.32
2013.07.18 05:45:45.524,0.82094,0.82121,1.13,2.07
2013.07.18 05:45:46.087,0.82088,0.82121,1.69,1.32
2013.07.18 05:45:46.596,0.82087,0.8212,1.32,2.44
2013.07.18 05:45:50.815,0.82087,0.82118,1.13,2.07
2013.07.18 05:45:52.915,0.82087,0.82118,1.13,2.82
2013.07.18 05:46:02.353,0.82087,0.82113,1.13,3.19
2013.07.18 05:46:02.474,0.82087,0.8211,1.13,1.69
2013.07.18 05:46:02.775,0.82084,0.82108,1.13,2.07
2013.07.18 05:46:03.397,0.82083,0.82108,1.13,2.07
2013.07.18 05:46:03.945,0.82083,0.82106,1.13,1.32
2013.07.18 05:46:06.214,0.82085,0.82108,1.13,1.32
2013.07.18 05:46:06.988,0.82085,0.82108,1.13,1.32
2013.07.18 05:46:08.006,0.82085,0.82107,1.13,1.32
2013.07.18 05:46:13.414,0.82085,0.82108,1.13,2.07
2013.07.18 05:46:14.025,0.82077,0.82108,3.19,1.32
2013.07.18 05:46:14.762,0.82079,0.82108,1.32,1.32
2013.07.18 05:46:23.145,0.82079,0.82108,1.32,1.32
2013.07.18 05:46:23.716,0.82076,0.82103,1.69,1.13
2013.07.18 05:46:24.306,0.82076,0.82103,1.69,1.13
2013.07.18 05:46:25.425,0.82076,0.82099,1.69,1.13
2013.07.18 05:46:26.305,0.82076,0.82099,1.69,1.13
2013.07.18 05:46:26.886,0.82073,0.82099,1.69,1.13
2013.07.18 05:46:26.945,0.82073,0.82104,1.69,1.32
2013.07.18 05:46:27.065,0.82079,0.82108,2.07,1.13
2013.07.18 05:46:27.126,0.82079,0.82108,2.07,1.13
2013.07.18 05:46:27.802,0.82077,0.82108,1.32,1.69
2013.07.18 05:46:29.172,0.82078,0.82113,1.32,3.19
2013.07.18 05:46:30.177,0.82082,0.82113,1.13,2.07
2013.07.18 05:46:33.484,0.82082,0.82112,1.32,1.32
2013.07.18 05:46:36.304,0.82082,0.82112,1.13,1.32
2013.07.18 05:46:37.324,0.82081,0.82111,1.13,1.13
2013.07.18 05:46:38.386,0.82077,0.82112,2.07,1.32
2013.07.18 05:46:38.695,0.82084,0.8211,1.13,1.13
2013.07.18 05:46:38.755,0.82084,0.8211,1.13,1.32
2013.07.18 05:46:38.815,0.82082,0.8211,1.32,1.32
2013.07.18 05:46:41.297,0.82082,0.82111,1.32,2.07
2013.07.18 05:46:43.244,0.82082,0.82111,1.32,2.07
2013.07.18 05:46:52.546,0.82082,0.82108,1.13,1.13
2013.07.18 05:46:56.749,0.82082,0.82108,1.32,1.32
2013.07.18 05:47:00.109,0.82082,0.82108,1.13,1.32
2013.07.18 05:47:10.144,0.82082,0.8211,1.32,2.07
2013.07.18 05:47:10.205,0.82081,0.8211,1.32,2.07
2013.07.18 05:47:10.385,0.82085,0.82109,1.13,1.32
2013.07.18 05:47:13.925,0.82081,0.82109,1.32,2.82
2013.07.18 05:47:14.480,0.82082,0.82109,1.32,1.32
2013.07.18 05:47:15.538,0.82082,0.82109,1.32,1.32
2013.07.18 05:47:16.275,0.82086,0.82111,2.07,1.13
2013.07.18 05:47:16.336,0.82086,0.82116,2.07,1.69
2013.07.18 05:47:17.122,0.82086,0.82116,2.07,1.69
2013.07.18 05:47:19.600,0.82087,0.82117,1.32,1.69
2013.07.18 05:47:26.175,0.8209,0.82119,1.32,2.44
2013.07.18 05:47:35.366,0.82086,0.82119,1.32,2.44
2013.07.18 05:47:42.244,0.82086,0.82119,2.44,2.44
2013.07.18 05:47:44.517,0.8209,0.82118,1.69,1.69
2013.07.18 05:47:45.687,0.82088,0.82119,1.69,1.69
2013.07.18 05:47:46.276,0.82088,0.82119,1.69,1.69
2013.07.18 05:47:49.274,0.82088,0.82119,1.69,2.44
2013.07.18 05:47:58.067,0.82088,0.82119,1.69,2.44
2013.07.18 05:48:09.456,0.82086,0.82119,1.32,1.69
2013.07.18 05:48:17.129,0.82088,0.82119,1.32,2.07
2013.07.18 05:48:20.439,0.82088,0.82118,1.32,2.07
2013.07.18 05:48:27.766,0.82084,0.82119,1.32,1.32
2013.07.18 05:48:29.465,0.82086,0.82119,1.32,2.07
2013.07.18 05:48:32.694,0.82086,0.82119,1.69,1.32
2013.07.18 05:48:35.182,0.82087,0.82119,1.69,1.32
2013.07.18 05:48:35.396,0.82084,0.82119,2.07,1.32
2013.07.18 05:48:37.214,0.82084,0.82116,1.69,1.32
2013.07.18 05:48:47.715,0.82086,0.82111,1.13,2.07
2013.07.18 05:48:48.246,0.82082,0.82111,2.07,2.07
2013.07.18 05:48:50.370,0.82082,0.8211,1.13,1.32
2013.07.18 05:48:50.675,0.82082,0.82112,1.32,1.13
2013.07.18 05:48:51.180,0.82086,0.82114,1.88,1.32
2013.07.18 05:48:56.182,0.82086,0.82114,2.07,1.32
2013.07.18 05:48:59.926,0.82086,0.82114,1.88,1.32
2013.07.18 05:49:10.044,0.82086,0.82113,2.82,1.69
2013.07.18 05:49:15.132,0.82087,0.82116,1.88,1.69
2013.07.18 05:49:20.604,0.82084,0.82113,1.32,1.69
2013.07.18 05:49:20.897,0.82083,0.82113,1.50,1.69
2013.07.18 05:49:24.115,0.82084,0.82112,1.69,1.32
2013.07.18 05:49:25.716,0.82083,0.82113,1.69,1.69
2013.07.18 05:49:33.635,0.82083,0.82113,1.50,2.44
2013.07.18 05:49:35.846,0.82084,0.82113,1.50,2.82
2013.07.18 05:49:37.843,0.82084,0.82111,1.50,1.32
2013.07.18 05:49:38.646,0.82084,0.82112,1.50,1.69
2013.07.18 05:49:45.259,0.82084,0.82111,1.50,1.32
2013.07.18 05:49:46.266,0.82084,0.82111,1.50,1.32
2013.07.18 05:49:47.864,0.82084,0.82113,1.50,2.82
2013.07.18 05:49:51.679,0.8208,0.82113,2.07,1.32
2013.07.18 05:49:51.745,0.82082,0.82113,1.69,1.32
2013.07.18 05:49:56.786,0.82081,0.82113,1.69,1.32
2013.07.18 05:50:02.049,0.8208,0.82112,1.69,1.32
2013.07.18 05:50:03.555,0.82083,0.82113,1.69,2.07
2013.07.18 05:50:10.965,0.82083,0.82113,1.69,1.69
2013.07.18 05:50:11.395,0.8208,0.82111,1.69,2.44
2013.07.18 05:50:11.905,0.82081,0.82109,1.69,2.07
2013.07.18 05:50:12.271,0.82087,0.82114,1.32,1.69
2013.07.18 05:50:12.704,0.8209,0.82115,1.88,2.07
2013.07.18 05:50:13.296,0.82086,0.82114,1.69,1.32
2013.07.18 05:50:17.998,0.82085,0.82114,1.88,2.07
2013.07.18 05:50:21.200,0.82085,0.82113,2.07,1.32
2013.07.18 05:50:22.107,0.82084,0.82114,1.32,2.07
2013.07.18 05:50:27.629,0.82085,0.82114,1.13,1.32
2013.07.18 05:50:28.647,0.82085,0.82114,1.13,1.32
2013.07.18 05:50:31.187,0.82085,0.82112,1.13,1.32
2013.07.18 05:50:37.202,0.82085,0.82113,1.13,1.32
2013.07.18 05:50:41.211,0.82087,0.82112,1.13,1.32
2013.07.18 05:50:42.211,0.82087,0.82112,1.13,1.32
2013.07.18 05:50:47.274,0.82087,0.82112,1.13,1.32
2013.07.18 05:50:48.194,0.82087,0.82112,1.13,1.69
2013.07.18 05:50:49.026,0.82087,0.82112,1.13,1.32
2013.07.18 05:50:59.607,0.82087,0.82112,1.13,1.32
2013.07.18 05:51:18.720,0.82087,0.82114,1.13,1.32
2013.07.18 05:51:23.006,0.82087,0.82115,1.13,2.07
2013.07.18 05:51:25.739,0.82085,0.82114,1.32,1.32
2013.07.18 05:51:31.680,0.82079,0.82109,1.32,1.32
2013.07.18 05:51:33.696,0.82079,0.82108,1.32,1.69
2013.07.18 05:51:36.016,0.8208,0.82108,1.69,1.69
2013.07.18 05:51:40.245,0.82082,0.82108,1.13,1.69
2013.07.18 05:51:40.609,0.82082,0.82109,1.32,1.13
2013.07.18 05:51:42.617,0.82083,0.82108,1.13,1.32
2013.07.18 05:51:48.165,0.82079,0.82109,1.32,1.32
2013.07.18 05:51:48.266,0.82079,0.82109,1.32,1.32
2013.07.18 05:51:50.492,0.82077,0.82108,3.19,1.32
2013.07.18 05:51:50.637,0.82077,0.82108,3.19,1.32
2013.07.18 05:51:52.661,0.82077,0.82108,2.82,1.32
2013.07.18 05:51:53.816,0.82077,0.82106,1.69,1.32
2013.07.18 05:51:55.607,0.82076,0.82109,2.07,1.32
2013.07.18 05:52:00.434,0.82076,0.82109,2.44,2.07
2013.07.18 05:52:01.516,0.82078,0.82109,1.32,1.32
2013.07.18 05:52:02.744,0.82078,0.82108,1.32,1.32
2013.07.18 05:52:07.206,0.82079,0.82106,1.32,1.32
2013.07.18 05:52:08.865,0.82082,0.82113,2.44,1.92
2013.07.18 05:52:09.044,0.82082,0.82116,2.82,1.32
2013.07.18 05:52:12.546,0.82088,0.82114,1.50,1.32
2013.07.18 05:52:12.735,0.82089,0.82117,1.13,1.32
2013.07.18 05:52:12.795,0.82091,0.82117,1.13,1.32
2013.07.18 05:52:13.654,0.82091,0.82117,1.32,1.32
2013.07.18 05:52:13.786,0.82091,0.82117,1.13,1.32
2013.07.18 05:52:13.965,0.82087,0.82115,1.88,1.13
2013.07.18 05:52:14.025,0.82087,0.82115,1.88,1.13
2013.07.18 05:52:17.065,0.82086,0.82115,2.63,1.32
2013.07.18 05:52:18.056,0.82086,0.82115,1.13,1.32
2013.07.18 05:52:24.045,0.82086,0.82112,1.13,1.32
2013.07.18 05:52:36.096,0.82086,0.82111,1.13,1.32
2013.07.18 05:52:37.708,0.82086,0.82111,1.32,1.13
2013.07.18 05:52:47.997,0.82086,0.8211,2.63,1.13
2013.07.18 05:53:00.362,0.82086,0.8211,2.63,1.13
2013.07.18 05:53:01.755,0.82086,0.8211,1.88,1.13
2013.07.18 05:53:02.955,0.82085,0.82109,2.63,1.13
2013.07.18 05:53:04.665,0.82085,0.82108,1.88,1.69
2013.07.18 05:53:05.297,0.82085,0.82108,1.50,2.07
2013.07.18 05:53:05.406,0.82081,0.82108,2.82,2.07
2013.07.18 05:53:06.075,0.82081,0.82108,2.82,1.69
2013.07.18 05:53:09.486,0.82084,0.8211,1.88,1.32
2013.07.18 05:53:09.850,0.82084,0.8211,1.88,1.32
2013.07.18 05:53:10.071,0.82084,0.82112,1.88,2.07
2013.07.18 05:53:10.346,0.82084,0.82111,1.88,2.07
2013.07.18 05:53:11.407,0.82084,0.82108,1.88,1.13
2013.07.18 05:53:11.956,0.82084,0.82112,1.50,1.32
2013.07.18 05:53:13.155,0.82084,0.82108,1.50,1.32
2013.07.18 05:53:13.913,0.82084,0.82109,1.88,1.32
2013.07.18 05:53:13.977,0.82084,0.82109,1.88,1.32
2013.07.18 05:53:17.597,0.82086,0.82111,1.88,1.32
2013.07.18 05:53:21.657,0.82086,0.82109,2.07,1.13
2013.07.18 05:53:21.716,0.82086,0.82114,2.44,1.69
2013.07.18 05:53:21.776,0.82086,0.82115,2.44,2.07
2013.07.18 05:53:21.897,0.82086,0.82116,2.07,2.07
2013.07.18 05:53:23.562,0.82091,0.82116,1.88,2.07
2013.07.18 05:53:24.075,0.82091,0.82116,1.88,2.82
2013.07.18 05:53:25.725,0.82091,0.82116,1.88,1.69
2013.07.18 05:53:36.039,0.8209,0.8212,1.88,3.57
2013.07.18 05:53:40.495,0.82091,0.82117,1.88,1.32
2013.07.18 05:53:46.005,0.82091,0.82117,1.88,1.32
2013.07.18 05:53:46.125,0.82091,0.82117,1.88,2.07
2013.07.18 05:53:53.067,0.8209,0.8212,1.88,1.32
2013.07.18 05:53:53.772,0.8209,0.8212,1.88,1.32
2013.07.18 05:53:57.866,0.82091,0.82115,1.88,1.69
2013.07.18 05:54:00.165,0.82091,0.82115,1.88,1.69
2013.07.18 05:54:01.876,0.82091,0.82117,1.88,1.32
2013.07.18 05:54:05.366,0.82092,0.82116,1.88,1.32
2013.07.18 05:54:10.036,0.82091,0.82116,1.88,1.32
2013.07.18 05:54:15.095,0.8209,0.82118,1.88,2.44
2013.07.18 05:54:19.110,0.8209,0.82117,1.88,1.32
2013.07.18 05:54:23.790,0.8209,0.82118,1.88,2.82
2013.07.18 05:54:25.643,0.8209,0.82117,1.88,1.32
2013.07.18 05:54:26.638,0.8209,0.82118,1.88,2.07
2013.07.18 05:54:28.205,0.8209,0.82118,1.88,1.32
2013.07.18 05:54:31.041,0.8209,0.82118,1.88,1.32
2013.07.18 05:54:31.549,0.82091,0.82118,1.88,1.32
2013.07.18 05:54:33.664,0.82091,0.82118,1.88,1.32
2013.07.18 05:54:34.215,0.8209,0.8212,1.88,2.07
2013.07.18 05:54:36.833,0.8209,0.82118,1.88,2.07
2013.07.18 05:54:36.936,0.8209,0.82118,1.88,2.07
2013.07.18 05:54:46.476,0.82091,0.82118,1.50,2.07
2013.07.18 05:54:47.015,0.8209,0.82118,1.88,2.07
2013.07.18 05:54:48.095,0.8209,0.8212,2.07,1.32
2013.07.18 05:54:49.017,0.8209,0.82119,2.07,1.32
2013.07.18 05:54:50.345,0.82092,0.82118,1.88,1.13
2013.07.18 05:54:50.465,0.82092,0.82118,1.88,1.13
2013.07.18 05:54:52.526,0.82092,0.82118,2.82,1.13
2013.07.18 05:54:52.875,0.82092,0.82118,2.82,1.13
2013.07.18 05:54:53.707,0.82092,0.82118,2.82,1.13
2013.07.18 05:54:54.906,0.82092,0.82118,2.82,1.13
2013.07.18 05:54:55.285,0.82092,0.82118,2.82,1.13
2013.07.18 05:54:58.437,0.82093,0.82118,2.07,1.13
2013.07.18 05:55:01.656,0.82093,0.82118,1.32,1.32
2013.07.18 05:55:02.126,0.82095,0.8212,1.13,1.32
2013.07.18 05:55:02.306,0.82099,0.82124,1.13,1.32
2013.07.18 05:55:02.441,0.82099,0.82124,1.13,1.32
2013.07.18 05:55:03.046,0.82099,0.82124,1.13,1.32
2013.07.18 05:55:03.535,0.82093,0.82121,1.13,1.32
2013.07.18 05:55:03.655,0.82092,0.82119,1.50,1.32
2013.07.18 05:55:04.886,0.8209,0.82118,1.32,1.32
2013.07.18 05:55:07.307,0.8209,0.82118,1.13,2.07
2013.07.18 05:55:10.012,0.8209,0.82118,1.32,1.32
2013.07.18 05:55:10.116,0.8209,0.82117,1.13,1.32
2013.07.18 05:55:19.299,0.82092,0.82118,1.13,1.32
2013.07.18 05:55:21.208,0.82092,0.82118,1.13,1.32
2013.07.18 05:55:21.869,0.82092,0.82118,1.13,1.32
2013.07.18 05:55:22.416,0.82092,0.82118,1.13,2.07
2013.07.18 05:55:23.726,0.82092,0.82118,1.13,2.07
2013.07.18 05:55:24.037,0.82098,0.82118,1.50,2.07
2013.07.18 05:55:24.215,0.82099,0.82125,1.13,1.32
2013.07.18 05:55:24.275,0.82099,0.82125,1.32,1.13
2013.07.18 05:55:24.335,0.82099,0.82129,1.69,2.07
2013.07.18 05:55:27.330,0.82102,0.8213,1.32,1.69
2013.07.18 05:55:27.928,0.82102,0.8213,1.32,1.50
2013.07.18 05:55:36.615,0.821,0.82129,1.32,1.54
2013.07.18 05:55:36.676,0.82097,0.82126,2.63,1.69
2013.07.18 05:55:36.796,0.82096,0.82123,1.13,1.69
2013.07.18 05:55:41.685,0.82097,0.82119,1.13,1.32
2013.07.18 05:55:42.025,0.82102,0.82126,1.13,1.69
2013.07.18 05:55:47.955,0.82102,0.82129,1.13,2.29
2013.07.18 05:55:59.881,0.82101,0.82129,1.50,1.54
2013.07.18 05:56:33.866,0.82101,0.82131,1.13,1.69
2013.07.18 05:56:34.105,0.82115,0.8214,1.69,1.88
2013.07.18 05:56:34.532,0.82115,0.82144,1.69,1.32
2013.07.18 05:56:37.156,0.82118,0.82147,1.13,1.32
2013.07.18 05:56:37.643,0.82117,0.82144,1.69,1.69
2013.07.18 05:56:38.227,0.82117,0.82143,1.50,2.44
2013.07.18 05:56:38.392,0.82111,0.82143,1.13,2.44
2013.07.18 05:56:41.455,0.82111,0.82143,1.32,1.50
2013.07.18 05:56:42.192,0.8211,0.82143,2.07,1.50
2013.07.18 05:56:45.346,0.82112,0.82144,1.32,1.13
2013.07.18 05:56:45.465,0.82114,0.82145,1.32,1.50
2013.07.18 05:56:45.645,0.82114,0.82143,1.32,1.50
2013.07.18 05:56:46.666,0.82113,0.82145,2.07,1.13
2013.07.18 05:56:49.000,0.82116,0.82145,1.69,1.13
2013.07.18 05:56:50.346,0.82117,0.82145,1.69,1.88
2013.07.18 05:56:52.130,0.82118,0.82144,1.69,1.50
2013.07.18 05:56:55.015,0.82117,0.82143,1.69,1.13
2013.07.18 05:57:05.996,0.82118,0.82143,1.69,1.13
2013.07.18 05:57:14.885,0.82117,0.82143,1.69,1.13
2013.07.18 05:57:16.244,0.82114,0.82138,1.69,1.13
2013.07.18 05:57:18.235,0.82113,0.82136,1.32,1.13
2013.07.18 05:57:18.355,0.82111,0.82136,1.32,1.50
2013.07.18 05:57:18.415,0.8211,0.82133,1.32,1.50
2013.07.18 05:57:18.475,0.82106,0.82128,1.32,1.13
2013.07.18 05:57:19.956,0.82104,0.82127,1.32,1.13
2013.07.18 05:57:20.507,0.82104,0.82131,1.32,1.50
2013.07.18 05:57:21.177,0.82104,0.82131,1.32,1.50
2013.07.18 05:57:21.531,0.82105,0.82132,1.32,1.50
2013.07.18 05:57:21.775,0.82107,0.82132,2.07,1.50
2013.07.18 05:57:22.167,0.82112,0.8214,1.32,1.50
2013.07.18 05:57:22.762,0.82113,0.8214,1.32,1.50
2013.07.18 05:57:22.832,0.82117,0.82145,2.07,1.50
2013.07.18 05:57:24.896,0.82116,0.82146,1.32,1.13
2013.07.18 05:57:25.666,0.82115,0.82144,1.32,1.50
2013.07.18 05:57:26.940,0.82115,0.82144,1.32,1.50
2013.07.18 05:57:27.808,0.82116,0.82144,1.69,1.50
2013.07.18 05:57:28.105,0.82119,0.82148,1.32,1.50
2013.07.18 05:57:29.185,0.82118,0.82148,1.32,1.13
2013.07.18 05:57:29.625,0.82118,0.82148,2.82,1.13
2013.07.18 05:57:30.186,0.82121,0.8215,1.69,1.13
2013.07.18 05:57:30.246,0.82133,0.82157,1.13,1.69
2013.07.18 05:57:30.306,0.82135,0.82164,1.69,2.44
2013.07.18 05:57:30.455,0.82135,0.82164,1.69,1.69
2013.07.18 05:57:30.997,0.82142,0.82173,1.69,1.69
2013.07.18 05:57:31.157,0.82141,0.82169,1.69,1.50
2013.07.18 05:57:31.276,0.82141,0.8217,1.69,1.13
2013.07.18 05:57:31.823,0.82141,0.82169,1.69,1.50
2013.07.18 05:57:33.703,0.82137,0.82168,1.32,1.50
2013.07.18 05:57:34.235,0.82133,0.82164,1.32,1.50
2013.07.18 05:57:34.357,0.82133,0.82164,1.32,1.50
2013.07.18 05:57:34.415,0.82132,0.82157,1.32,1.13
2013.07.18 05:57:34.535,0.82126,0.82155,1.32,1.50
2013.07.18 05:57:34.715,0.82127,0.82154,1.69,1.50
2013.07.18 05:57:34.835,0.82127,0.82157,2.07,1.13
2013.07.18 05:57:34.955,0.82132,0.82158,1.69,1.13
2013.07.18 05:57:35.075,0.82132,0.82163,1.69,1.50
2013.07.18 05:57:35.281,0.82131,0.82161,1.32,1.50
2013.07.18 05:57:35.465,0.82131,0.82156,1.32,1.50
2013.07.18 05:57:43.537,0.82132,0.82154,1.13,1.13
2013.07.18 05:57:43.955,0.82131,0.82155,1.32,1.13
2013.07.18 05:57:44.497,0.82128,0.82155,1.32,1.13
2013.07.18 05:57:45.356,0.82128,0.82155,1.32,1.13
2013.07.18 05:57:55.146,0.82128,0.82157,1.32,2.07
2013.07.18 05:57:56.282,0.8213,0.82157,1.32,1.88
2013.07.18 05:57:57.497,0.8213,0.82157,1.32,1.88
2013.07.18 05:58:09.632,0.82128,0.82157,1.32,2.63
2013.07.18 05:58:11.799,0.82128,0.82157,1.32,1.69
2013.07.18 05:58:14.656,0.82128,0.82157,1.32,1.69
2013.07.18 05:58:19.947,0.82129,0.82157,1.32,1.50
2013.07.18 05:58:22.818,0.8213,0.82157,1.32,1.50
2013.07.18 05:58:25.226,0.8213,0.82157,1.32,1.88
2013.07.18 05:58:25.839,0.82126,0.82157,1.32,1.50
2013.07.18 05:58:25.896,0.82126,0.82159,2.07,1.50
2013.07.18 05:58:25.957,0.8213,0.8216,1.32,1.50
2013.07.18 05:58:28.446,0.8213,0.82162,1.32,1.88
2013.07.18 05:58:29.945,0.82131,0.82162,1.69,1.50
2013.07.18 05:58:31.852,0.82131,0.82162,1.69,1.50
2013.07.18 05:58:34.995,0.82133,0.82159,1.32,1.13
2013.07.18 05:58:35.296,0.8213,0.82155,1.32,1.13
2013.07.18 05:58:37.165,0.82133,0.82161,1.69,1.32
2013.07.18 05:58:37.666,0.82135,0.82162,1.69,1.13
2013.07.18 05:58:45.805,0.82135,0.82161,1.69,1.50
2013.07.18 05:58:48.581,0.82132,0.82162,1.69,1.69
2013.07.18 05:58:48.826,0.82132,0.82162,1.69,1.69
2013.07.18 05:58:49.579,0.82132,0.82162,1.69,1.69
2013.07.18 05:58:54.961,0.82129,0.82162,1.32,1.69
2013.07.18 05:58:56.247,0.82129,0.82162,1.32,1.69
