2016.12.12 17:00:00.059,0.94438,0.9446,1.00,1.00
2016.12.12 17:00:00.110,0.94438,0.94463,1.00,1.00
2016.12.12 17:00:00.520,0.94443,0.94462,1.00,1.00
2016.12.12 17:00:00.571,0.94443,0.94464,1.00,1.00
2016.12.12 17:00:00.672,0.94437,0.94464,1.00,1.00
2016.12.12 17:00:01.191,0.94438,0.94465,1.00,1.87
2016.12.12 17:00:01.969,0.94437,0.94465,1.00,1.12
2016.12.12 17:00:02.629,0.94438,0.94465,1.00,1.12
2016.12.12 17:00:02.698,0.94438,0.94462,1.00,1.00
2016.12.12 17:00:03.005,0.94435,0.94462,1.00,1.00
2016.12.12 17:00:03.339,0.94432,0.94457,1.00,1.00
2016.12.12 17:00:03.440,0.9443,0.94456,1.00,1.00
2016.12.12 17:00:03.746,0.94428,0.94454,1.00,1.00
2016.12.12 17:00:04.117,0.94425,0.94454,1.00,1.00
2016.12.12 17:00:04.419,0.94427,0.94454,1.00,1.00
2016.12.12 17:00:05.012,0.94428,0.94454,1.00,1.00
2016.12.12 17:00:07.620,0.9443,0.94456,1.00,1.00
2016.12.12 17:00:07.721,0.94428,0.94456,1.50,1.00
2016.12.12 17:00:07.771,0.9443,0.94457,1.00,1.00
2016.12.12 17:00:08.485,0.94427,0.94456,1.50,1.00
2016.12.12 17:00:09.019,0.94428,0.94457,1.50,1.50
2016.12.12 17:00:09.756,0.9443,0.94457,1.00,1.50
2016.12.12 17:00:09.998,0.94428,0.94457,1.50,1.50
2016.12.12 17:00:10.461,0.94428,0.94454,1.00,1.00
2016.12.12 17:00:11.432,0.94428,0.94455,1.50,1.00
2016.12.12 17:00:11.910,0.94428,0.94457,1.50,1.50
2016.12.12 17:00:11.961,0.94431,0.94457,1.00,1.00
2016.12.12 17:00:12.490,0.94432,0.94457,1.00,1.00
2016.12.12 17:00:13.066,0.94432,0.94458,1.00,1.00
2016.12.12 17:00:13.953,0.94432,0.94457,1.00,1.00
2016.12.12 17:00:14.432,0.94435,0.94459,1.00,1.00
2016.12.12 17:00:14.537,0.94438,0.94464,1.00,1.00
2016.12.12 17:00:15.365,0.94438,0.9446,1.00,1.00
2016.12.12 17:00:15.567,0.94435,0.94464,1.00,1.00
2016.12.12 17:00:15.718,0.94437,0.94464,1.00,1.00
2016.12.12 17:00:16.382,0.94438,0.94464,1.00,1.00
2016.12.12 17:00:16.858,0.94438,0.94466,1.00,1.50
2016.12.12 17:00:19.911,0.94439,0.94464,1.00,1.00
2016.12.12 17:00:19.990,0.94439,0.94466,1.00,1.00
2016.12.12 17:00:20.091,0.9444,0.94464,1.00,1.00
2016.12.12 17:00:20.142,0.94438,0.94467,1.50,1.00
2016.12.12 17:00:20.528,0.9444,0.94465,1.00,1.00
2016.12.12 17:00:20.628,0.9444,0.94467,1.00,1.00
2016.12.12 17:00:20.679,0.94441,0.94465,1.00,1.00
2016.12.12 17:00:20.912,0.94439,0.94468,1.00,1.00
2016.12.12 17:00:22.754,0.9444,0.94469,1.00,1.50
2016.12.12 17:00:22.926,0.9444,0.94467,1.00,1.00
2016.12.12 17:00:23.229,0.94444,0.94471,1.00,1.00
2016.12.12 17:00:23.329,0.94444,0.94473,1.00,1.00
2016.12.12 17:00:23.456,0.94448,0.94473,1.00,1.00
2016.12.12 17:00:24.460,0.94447,0.94473,1.00,1.00
2016.12.12 17:00:24.964,0.94448,0.94473,1.00,1.00
2016.12.12 17:00:26.005,0.94448,0.94472,1.00,1.00
2016.12.12 17:00:26.335,0.94446,0.94475,1.00,1.00
2016.12.12 17:00:26.385,0.94446,0.94473,1.00,1.00
2016.12.12 17:00:26.767,0.94444,0.94471,1.00,1.00
2016.12.12 17:00:27.521,0.94443,0.9447,1.00,1.00
2016.12.12 17:00:28.520,0.94445,0.94472,1.00,1.50
2016.12.12 17:00:28.927,0.94448,0.94472,1.00,1.00
2016.12.12 17:00:31.783,0.94448,0.94469,1.00,1.00
2016.12.12 17:00:32.099,0.94443,0.94469,1.00,1.00
2016.12.12 17:00:32.616,0.94442,0.94469,1.00,1.00
2016.12.12 17:00:32.842,0.94444,0.94469,1.00,1.00
2016.12.12 17:00:33.193,0.94448,0.94469,1.00,1.00
2016.12.12 17:00:33.645,0.94444,0.94469,1.00,1.00
2016.12.12 17:00:34.920,0.94443,0.94472,1.00,1.50
2016.12.12 17:00:35.071,0.94442,0.94469,1.50,1.00
2016.12.12 17:00:35.447,0.94448,0.94469,1.00,1.00
2016.12.12 17:00:36.048,0.94443,0.94469,1.00,1.00
2016.12.12 17:00:36.098,0.94442,0.94467,1.50,1.00
2016.12.12 17:00:38.222,0.9444,0.94466,1.00,1.00
2016.12.12 17:00:38.670,0.94443,0.94469,1.00,1.00
2016.12.12 17:00:39.032,0.94442,0.94467,1.00,1.00
2016.12.12 17:00:39.534,0.94441,0.94468,1.00,1.00
2016.12.12 17:00:39.858,0.94441,0.94466,1.00,1.00
2016.12.12 17:00:40.191,0.94443,0.94466,1.00,1.00
2016.12.12 17:00:40.306,0.94443,0.94469,1.00,1.00
2016.12.12 17:00:41.298,0.94442,0.94469,1.50,1.00
2016.12.12 17:00:41.820,0.94443,0.94469,1.00,1.00
2016.12.12 17:00:41.940,0.94443,0.94467,1.50,1.00
2016.12.12 17:00:42.406,0.9444,0.94468,1.00,1.00
2016.12.12 17:00:42.456,0.94439,0.94466,1.00,1.00
2016.12.12 17:00:42.924,0.94441,0.94468,1.00,1.00
2016.12.12 17:00:43.096,0.94442,0.94471,1.00,1.50
2016.12.12 17:00:43.361,0.94447,0.94471,1.00,1.00
2016.12.12 17:00:43.762,0.94442,0.94471,1.50,1.00
2016.12.12 17:00:44.085,0.94444,0.9447,1.00,1.00
2016.12.12 17:00:44.220,0.94442,0.94469,1.50,1.00
2016.12.12 17:00:44.760,0.94443,0.94469,1.00,1.00
2016.12.12 17:00:44.916,0.94442,0.94471,1.00,1.50
2016.12.12 17:00:45.167,0.94447,0.94471,1.00,1.00
2016.12.12 17:00:46.160,0.94447,0.9447,1.00,1.00
2016.12.12 17:00:46.770,0.94448,0.94471,1.00,1.00
2016.12.12 17:00:47.015,0.9445,0.94475,1.00,1.50
2016.12.12 17:00:47.116,0.94453,0.94476,1.00,1.00
2016.12.12 17:00:47.316,0.94454,0.94479,1.00,1.00
2016.12.12 17:00:48.561,0.94456,0.9448,1.00,1.00
2016.12.12 17:00:49.071,0.94458,0.94481,1.00,1.00
2016.12.12 17:00:49.271,0.94456,0.94481,1.00,1.00
2016.12.12 17:00:50.123,0.94456,0.9448,1.00,1.00
2016.12.12 17:00:50.716,0.94455,0.94479,1.00,1.00
2016.12.12 17:00:56.059,0.94455,0.9448,1.00,1.00
2016.12.12 17:00:57.062,0.94455,0.94481,1.00,1.00
2016.12.12 17:00:57.969,0.94458,0.94482,1.00,1.00
2016.12.12 17:00:58.601,0.94459,0.94483,1.00,1.00
2016.12.12 17:00:59.210,0.94457,0.94483,1.00,1.00
2016.12.12 17:00:59.881,0.94459,0.94483,1.00,1.00
2016.12.12 17:01:00.660,0.94453,0.9448,1.00,1.35
2016.12.12 17:01:00.711,0.94452,0.94476,1.50,1.00
2016.12.12 17:01:01.038,0.94458,0.94475,1.00,1.00
2016.12.12 17:01:01.089,0.94452,0.94475,1.00,1.00
2016.12.12 17:01:01.585,0.94453,0.94477,1.00,1.00
2016.12.12 17:01:01.635,0.94457,0.9448,1.00,1.35
2016.12.12 17:01:01.788,0.94454,0.9448,1.00,1.35
2016.12.12 17:01:01.959,0.94453,0.94483,1.00,1.00
2016.12.12 17:01:02.010,0.94452,0.94476,1.00,1.00
2016.12.12 17:01:02.329,0.9445,0.94474,1.00,1.00
2016.12.12 17:01:02.798,0.94448,0.94477,1.50,1.00
2016.12.12 17:01:02.859,0.9445,0.94474,1.00,1.00
2016.12.12 17:01:02.962,0.94448,0.94476,1.50,1.00
2016.12.12 17:01:03.063,0.9445,0.94475,1.00,1.00
2016.12.12 17:01:04.013,0.9445,0.94476,1.00,1.00
2016.12.12 17:01:06.289,0.94448,0.94472,1.50,1.00
2016.12.12 17:01:07.312,0.94448,0.94475,1.00,1.50
2016.12.12 17:01:07.870,0.94448,0.94474,1.00,1.00
2016.12.12 17:01:11.168,0.94449,0.94475,1.00,1.00
2016.12.12 17:01:11.893,0.9445,0.94476,1.00,1.00
2016.12.12 17:01:13.519,0.94451,0.94477,1.00,1.00
2016.12.12 17:01:15.700,0.9445,0.94476,1.00,1.00
2016.12.12 17:01:15.751,0.94452,0.94476,1.00,1.00
2016.12.12 17:01:17.698,0.9445,0.94474,1.00,1.00
2016.12.12 17:01:18.023,0.94447,0.94471,1.00,1.00
2016.12.12 17:01:18.694,0.94445,0.94469,1.00,1.00
2016.12.12 17:01:19.486,0.94443,0.94467,1.00,1.00
2016.12.12 17:01:20.063,0.94444,0.94468,1.00,1.00
2016.12.12 17:01:20.863,0.94443,0.94468,1.00,1.00
2016.12.12 17:01:21.427,0.94444,0.94468,1.00,1.00
2016.12.12 17:01:22.116,0.94443,0.94467,1.50,1.00
2016.12.12 17:01:26.064,0.94444,0.94468,1.00,1.00
2016.12.12 17:01:26.591,0.94443,0.94467,1.50,1.00
2016.12.12 17:01:30.455,0.94443,0.94469,1.50,1.00
2016.12.12 17:01:31.497,0.94443,0.94467,1.00,1.00
2016.12.12 17:01:32.499,0.94443,0.94465,1.00,1.00
2016.12.12 17:01:33.097,0.94442,0.94465,1.00,1.00
2016.12.12 17:01:34.519,0.94441,0.94464,1.00,1.00
2016.12.12 17:01:34.748,0.94439,0.94465,1.00,1.00
2016.12.12 17:01:34.799,0.94441,0.94465,1.00,1.00
2016.12.12 17:01:35.538,0.94439,0.94465,1.00,1.00
2016.12.12 17:01:36.537,0.94437,0.94461,1.00,1.00
2016.12.12 17:01:36.638,0.94435,0.94461,1.00,1.00
2016.12.12 17:01:37.039,0.94437,0.94461,1.00,1.00
2016.12.12 17:01:38.920,0.94436,0.9446,1.00,1.00
2016.12.12 17:01:39.076,0.94434,0.9446,1.00,1.00
2016.12.12 17:01:40.127,0.94434,0.94458,1.00,1.00
2016.12.12 17:01:40.228,0.94432,0.94457,1.00,1.00
2016.12.12 17:01:40.737,0.94433,0.94457,1.00,1.00
2016.12.12 17:01:41.272,0.94433,0.94456,1.00,1.00
2016.12.12 17:01:42.492,0.94433,0.94454,1.00,1.00
2016.12.12 17:01:42.613,0.94433,0.94456,1.00,1.00
2016.12.12 17:01:43.389,0.94432,0.94456,1.50,1.00
2016.12.12 17:01:44.037,0.94433,0.94457,1.00,1.00
2016.12.12 17:01:44.578,0.94432,0.94456,1.50,1.00
2016.12.12 17:01:45.111,0.94433,0.94457,1.00,1.00
2016.12.12 17:01:45.624,0.94433,0.94456,1.00,1.00
2016.12.12 17:01:47.775,0.94432,0.94456,1.00,1.00
2016.12.12 17:01:49.352,0.94432,0.94454,1.00,1.00
2016.12.12 17:01:50.945,0.94432,0.94455,1.00,1.00
2016.12.12 17:01:51.775,0.94433,0.94455,1.00,1.00
2016.12.12 17:01:53.679,0.94432,0.94455,1.00,1.00
2016.12.12 17:01:54.359,0.94433,0.94455,1.00,1.00
2016.12.12 17:01:55.961,0.94432,0.94455,1.00,1.00
2016.12.12 17:01:56.172,0.94432,0.94457,1.00,1.00
2016.12.12 17:01:56.373,0.94436,0.9446,1.00,1.00
2016.12.12 17:01:56.891,0.94437,0.9446,1.00,1.00
2016.12.12 17:01:57.895,0.94442,0.9446,1.00,1.00
2016.12.12 17:02:00.199,0.94437,0.9446,1.00,1.00
2016.12.12 17:02:00.397,0.94443,0.9446,1.00,1.00
2016.12.12 17:02:00.514,0.94443,0.94462,1.00,1.00
2016.12.12 17:02:01.971,0.94442,0.94462,1.00,1.00
2016.12.12 17:02:02.440,0.94442,0.94466,1.50,1.00
2016.12.12 17:02:03.106,0.94443,0.94466,1.00,1.00
2016.12.12 17:02:03.675,0.94443,0.94467,1.00,1.00
2016.12.12 17:02:08.850,0.94443,0.94469,1.00,1.00
2016.12.12 17:02:09.051,0.94447,0.94473,1.00,1.00
2016.12.12 17:02:09.353,0.94453,0.94472,1.00,1.00
2016.12.12 17:02:09.550,0.94446,0.9447,1.00,1.00
2016.12.12 17:02:10.127,0.94453,0.94472,1.00,1.00
2016.12.12 17:02:11.097,0.94453,0.94473,1.00,1.00
2016.12.12 17:02:11.918,0.94452,0.94473,1.00,1.00
2016.12.12 17:02:12.149,0.94453,0.94475,1.00,1.00
2016.12.12 17:02:12.266,0.94451,0.94477,1.00,1.50
2016.12.12 17:02:12.317,0.9445,0.94474,1.00,1.00
2016.12.12 17:02:12.619,0.94452,0.94473,1.00,1.00
2016.12.12 17:02:12.669,0.94448,0.94473,1.00,1.00
2016.12.12 17:02:13.241,0.94447,0.94473,1.00,1.00
2016.12.12 17:02:13.291,0.94445,0.94471,1.00,1.00
2016.12.12 17:02:13.722,0.94444,0.94468,1.00,1.00
2016.12.12 17:02:13.822,0.94442,0.94468,1.50,1.00
2016.12.12 17:02:14.517,0.94444,0.94468,1.00,1.00
2016.12.12 17:02:14.836,0.94448,0.94467,1.00,1.00
2016.12.12 17:02:15.513,0.94448,0.94468,1.00,1.00
2016.12.12 17:02:16.071,0.94448,0.94467,1.00,1.00
2016.12.12 17:02:17.324,0.94448,0.94466,1.00,1.00
2016.12.12 17:02:17.420,0.94448,0.94468,1.00,1.00
2016.12.12 17:02:18.082,0.94448,0.94466,1.00,1.00
2016.12.12 17:02:18.917,0.94448,0.9447,1.00,1.00
2016.12.12 17:02:19.341,0.94448,0.94468,1.00,1.00
2016.12.12 17:02:20.139,0.94448,0.94467,1.00,1.00
2016.12.12 17:02:20.551,0.94442,0.94468,1.00,1.00
2016.12.12 17:02:21.255,0.94441,0.94467,1.00,1.00
2016.12.12 17:02:26.870,0.94441,0.94469,1.00,1.00
2016.12.12 17:02:26.971,0.94447,0.94468,1.00,1.00
2016.12.12 17:02:27.071,0.94442,0.94468,1.50,1.00
2016.12.12 17:02:27.282,0.9444,0.94468,1.00,1.00
2016.12.12 17:02:27.538,0.94447,0.94468,1.00,1.00
2016.12.12 17:02:27.946,0.94443,0.94468,1.00,1.00
2016.12.12 17:02:28.483,0.94442,0.94468,1.00,1.00
2016.12.12 17:02:29.012,0.94441,0.94468,1.00,1.00
2016.12.12 17:02:29.190,0.94448,0.94468,1.00,1.00
2016.12.12 17:02:29.469,0.94442,0.94467,1.00,1.00
2016.12.12 17:02:29.520,0.94442,0.94464,1.00,1.00
2016.12.12 17:02:29.671,0.94438,0.94464,1.00,1.00
2016.12.12 17:02:29.964,0.94443,0.94464,1.00,1.00
2016.12.12 17:02:30.257,0.94437,0.94462,1.50,1.00
2016.12.12 17:02:31.031,0.94437,0.94465,1.50,1.50
2016.12.12 17:02:31.310,0.94437,0.94462,1.50,1.00
2016.12.12 17:02:32.446,0.94443,0.94462,1.00,1.00
2016.12.12 17:02:33.348,0.94438,0.94462,1.00,1.00
2016.12.12 17:02:33.398,0.94438,0.9446,1.00,1.00
2016.12.12 17:02:33.449,0.94433,0.94459,1.00,1.35
2016.12.12 17:02:33.600,0.94433,0.94456,1.00,1.00
2016.12.12 17:02:33.885,0.9443,0.94456,1.00,1.00
2016.12.12 17:02:33.986,0.94432,0.94458,1.00,1.00
2016.12.12 17:02:34.546,0.94433,0.94458,1.00,1.00
2016.12.12 17:02:34.975,0.94438,0.94457,1.00,1.00
2016.12.12 17:02:35.536,0.94437,0.94456,1.00,1.00
2016.12.12 17:02:36.353,0.94433,0.94456,1.00,1.00
2016.12.12 17:02:36.480,0.94438,0.94456,1.00,1.00
2016.12.12 17:02:36.835,0.94438,0.94459,1.00,1.00
2016.12.12 17:02:37.256,0.94443,0.9446,1.00,1.00
2016.12.12 17:02:37.603,0.94438,0.9446,1.00,1.00
2016.12.12 17:02:38.384,0.94437,0.9446,1.00,1.00
2016.12.12 17:02:38.783,0.94437,0.94458,1.00,1.00
2016.12.12 17:02:39.736,0.94437,0.94457,1.00,1.00
2016.12.12 17:02:40.620,0.94437,0.94456,1.00,1.00
2016.12.12 17:02:40.671,0.94432,0.94454,1.00,1.00
2016.12.12 17:02:43.866,0.94432,0.94452,1.00,1.00
2016.12.12 17:02:45.998,0.94437,0.94452,1.00,1.00
2016.12.12 17:02:46.099,0.94427,0.94452,1.50,1.00
2016.12.12 17:02:46.200,0.94438,0.94452,1.00,1.00
2016.12.12 17:02:46.301,0.94427,0.94452,1.50,1.00
2016.12.12 17:02:46.403,0.94429,0.94454,1.00,1.00
2016.12.12 17:02:46.755,0.94438,0.94454,1.00,1.00
2016.12.12 17:02:47.420,0.94438,0.94455,1.00,1.00
2016.12.12 17:02:47.735,0.94438,0.94457,1.00,1.00
2016.12.12 17:02:47.886,0.94433,0.94457,1.00,1.00
2016.12.12 17:02:48.420,0.94437,0.94458,1.00,1.00
2016.12.12 17:02:48.981,0.94438,0.94459,1.00,1.00
2016.12.12 17:02:49.522,0.94438,0.94456,1.00,1.00
2016.12.12 17:02:49.573,0.94432,0.94456,1.00,1.00
2016.12.12 17:02:49.674,0.94428,0.94455,2.25,1.00
2016.12.12 17:02:49.774,0.94428,0.94453,1.00,1.00
2016.12.12 17:02:50.590,0.94427,0.94455,1.50,1.00
2016.12.12 17:02:51.381,0.94428,0.94454,1.50,1.00
2016.12.12 17:02:52.829,0.94429,0.94454,1.00,1.00
2016.12.12 17:02:52.980,0.94428,0.94456,1.00,1.00
2016.12.12 17:02:53.188,0.94432,0.94456,1.00,1.00
2016.12.12 17:02:53.829,0.94427,0.94454,1.50,1.00
2016.12.12 17:02:54.732,0.94429,0.94454,1.00,1.00
2016.12.12 17:02:55.341,0.9443,0.94455,1.00,1.00
2016.12.12 17:02:55.721,0.9443,0.94457,1.00,1.00
2016.12.12 17:02:55.809,0.94429,0.94455,1.00,1.00
2016.12.12 17:02:56.342,0.94428,0.94454,1.00,1.00
2016.12.12 17:02:56.786,0.9443,0.94455,1.00,1.00
2016.12.12 17:02:57.285,0.94438,0.94455,1.00,1.00
2016.12.12 17:02:57.335,0.94438,0.94457,1.00,1.00
2016.12.12 17:02:57.386,0.9443,0.94457,1.00,1.50
2016.12.12 17:02:57.786,0.94432,0.94457,1.00,1.00
2016.12.12 17:02:59.088,0.94433,0.94457,1.00,1.00
2016.12.12 17:02:59.702,0.94433,0.94455,1.00,1.00
2016.12.12 17:03:00.590,0.94432,0.94455,1.00,1.00
2016.12.12 17:03:00.891,0.94438,0.94456,1.00,1.00
2016.12.12 17:03:01.909,0.94437,0.94456,1.00,1.00
2016.12.12 17:03:03.095,0.94438,0.94456,1.00,1.00
2016.12.12 17:03:03.563,0.94442,0.94456,1.00,1.00
2016.12.12 17:03:03.714,0.94433,0.94456,1.00,1.00
2016.12.12 17:03:03.944,0.94438,0.94457,1.00,1.00
2016.12.12 17:03:04.297,0.94443,0.94457,1.00,1.00
2016.12.12 17:03:04.398,0.94437,0.94459,1.00,1.00
2016.12.12 17:03:04.625,0.94437,0.94462,1.00,1.00
2016.12.12 17:03:04.907,0.94443,0.94462,1.00,1.00
2016.12.12 17:03:05.100,0.94437,0.94462,1.00,1.00
2016.12.12 17:03:06.020,0.94437,0.9446,1.00,1.00
2016.12.12 17:03:06.374,0.94438,0.94458,1.00,1.00
2016.12.12 17:03:07.021,0.94438,0.94459,1.00,1.00
2016.12.12 17:03:07.604,0.94437,0.94459,1.00,1.00
2016.12.12 17:03:08.470,0.94437,0.94458,1.00,1.00
2016.12.12 17:03:08.520,0.94437,0.9446,1.00,1.00
2016.12.12 17:03:09.202,0.94438,0.9446,1.00,1.00
2016.12.12 17:03:11.409,0.94438,0.94461,1.00,1.00
2016.12.12 17:03:12.430,0.94438,0.94463,1.50,1.00
2016.12.12 17:03:12.710,0.94443,0.94462,1.00,1.00
2016.12.12 17:03:14.534,0.94442,0.94462,1.00,1.00
2016.12.12 17:03:14.584,0.94442,0.94464,1.00,1.00
2016.12.12 17:03:14.688,0.94442,0.94466,1.00,1.00
2016.12.12 17:03:14.789,0.9444,0.94463,1.00,1.00
2016.12.12 17:03:15.144,0.94443,0.94463,1.00,1.00
2016.12.12 17:03:15.715,0.94443,0.94465,1.00,1.00
2016.12.12 17:03:17.772,0.94443,0.94466,1.00,1.00
2016.12.12 17:03:19.051,0.94444,0.94467,1.00,1.00
2016.12.12 17:03:19.472,0.94443,0.94464,1.00,1.00
2016.12.12 17:03:19.623,0.94441,0.94464,1.00,1.00
2016.12.12 17:03:19.724,0.94442,0.94466,1.50,1.00
2016.12.12 17:03:20.229,0.94443,0.94465,1.00,1.00
2016.12.12 17:03:20.770,0.94443,0.94464,1.00,1.00
2016.12.12 17:03:22.307,0.94443,0.94462,1.00,1.00
2016.12.12 17:03:22.408,0.94443,0.94465,1.00,1.00
2016.12.12 17:03:22.694,0.94443,0.94467,1.00,1.00
2016.12.12 17:03:22.744,0.94448,0.94467,1.00,1.00
2016.12.12 17:03:23.586,0.94448,0.94469,1.00,1.50
2016.12.12 17:03:23.841,0.94448,0.94467,1.00,1.00
2016.12.12 17:03:23.967,0.94448,0.94471,1.00,1.00
2016.12.12 17:03:24.068,0.94453,0.94471,1.00,1.00
2016.12.12 17:03:24.169,0.94445,0.94471,1.00,1.00
2016.12.12 17:03:24.270,0.94448,0.94472,1.00,1.00
2016.12.12 17:03:25.059,0.94447,0.94472,1.00,1.00
2016.12.12 17:03:30.147,0.94447,0.9447,1.00,1.00
2016.12.12 17:03:31.335,0.94445,0.9447,1.00,1.00
2016.12.12 17:03:36.342,0.94447,0.9447,1.00,1.00
2016.12.12 17:03:37.745,0.94445,0.9447,1.00,1.00
2016.12.12 17:03:38.442,0.94446,0.94472,1.00,1.00
2016.12.12 17:03:38.744,0.94448,0.94471,1.00,1.00
2016.12.12 17:03:38.895,0.94448,0.94474,1.50,1.00
2016.12.12 17:03:38.957,0.94451,0.94474,1.00,1.00
2016.12.12 17:03:39.453,0.94453,0.94474,1.00,1.00
2016.12.12 17:03:39.742,0.94453,0.94476,1.00,1.00
2016.12.12 17:03:40.053,0.94453,0.94474,1.00,1.00
2016.12.12 17:03:40.590,0.94458,0.94478,1.00,1.00
2016.12.12 17:03:41.204,0.94458,0.94476,1.00,1.00
2016.12.12 17:03:41.585,0.94453,0.94476,1.00,1.00
2016.12.12 17:03:42.694,0.94453,0.94475,1.00,1.00
2016.12.12 17:03:43.942,0.94453,0.94476,1.00,1.00
2016.12.12 17:03:45.223,0.94453,0.94475,1.00,1.00
2016.12.12 17:03:46.225,0.94453,0.94477,1.00,1.00
2016.12.12 17:03:47.164,0.94458,0.94477,1.00,1.00
2016.12.12 17:03:47.880,0.94452,0.94477,1.50,1.00
2016.12.12 17:03:48.167,0.94457,0.94477,1.00,1.00
2016.12.12 17:03:48.489,0.94457,0.94475,1.00,1.00
2016.12.12 17:03:49.063,0.94452,0.94475,1.50,1.00
2016.12.12 17:03:49.460,0.94452,0.94477,1.50,1.00
2016.12.12 17:03:49.564,0.94458,0.94477,1.00,1.00
2016.12.12 17:03:49.665,0.94458,0.94479,1.00,1.00
2016.12.12 17:03:49.766,0.94463,0.9448,1.00,1.00
2016.12.12 17:03:49.816,0.94463,0.94482,1.00,1.00
2016.12.12 17:03:50.944,0.94463,0.9448,1.00,1.00
2016.12.12 17:03:51.095,0.94454,0.9448,1.00,1.00
2016.12.12 17:03:51.680,0.94457,0.9448,1.00,1.00
2016.12.12 17:03:52.450,0.94457,0.94481,1.00,1.00
2016.12.12 17:03:53.016,0.94457,0.9448,1.50,1.00
2016.12.12 17:03:53.588,0.94458,0.94481,1.50,1.00
2016.12.12 17:03:53.922,0.94463,0.94482,1.00,1.00
2016.12.12 17:03:55.712,0.94459,0.94482,1.00,1.00
2016.12.12 17:03:56.075,0.94463,0.94482,1.00,1.00
2016.12.12 17:03:57.122,0.94458,0.94482,1.50,1.00
2016.12.12 17:04:00.181,0.94462,0.94482,1.00,1.00
2016.12.12 17:04:00.771,0.94463,0.94482,1.00,1.00
2016.12.12 17:04:01.583,0.94463,0.94485,1.00,1.00
2016.12.12 17:04:01.683,0.94462,0.94487,1.50,1.00
2016.12.12 17:04:01.734,0.94468,0.9449,1.00,1.50
2016.12.12 17:04:01.936,0.94465,0.94491,1.00,1.00
2016.12.12 17:04:02.195,0.94473,0.94491,1.00,1.00
2016.12.12 17:04:02.530,0.94473,0.94487,1.00,1.00
2016.12.12 17:04:02.732,0.94462,0.94484,1.00,1.00
2016.12.12 17:04:03.256,0.94463,0.94484,1.00,1.00
2016.12.12 17:04:03.420,0.94468,0.94484,1.00,1.00
2016.12.12 17:04:03.470,0.94468,0.94487,1.00,1.00
2016.12.12 17:04:03.521,0.94462,0.94487,1.00,1.00
2016.12.12 17:04:03.823,0.94467,0.94488,1.00,1.00
2016.12.12 17:04:04.216,0.94463,0.94489,1.00,1.00
2016.12.12 17:04:04.367,0.94462,0.94486,1.00,1.00
2016.12.12 17:04:04.551,0.94463,0.9449,1.00,1.00
2016.12.12 17:04:04.805,0.94468,0.9449,1.00,1.00
2016.12.12 17:04:05.340,0.94467,0.94487,1.00,1.00
2016.12.12 17:04:05.441,0.94462,0.94487,1.00,1.00
2016.12.12 17:04:05.607,0.94468,0.94487,1.00,1.00
2016.12.12 17:04:05.708,0.9446,0.94487,1.00,1.00
2016.12.12 17:04:05.921,0.94463,0.94485,1.00,1.00
2016.12.12 17:04:06.200,0.94461,0.94488,1.00,1.00
2016.12.12 17:04:06.300,0.94463,0.94488,1.00,1.00
2016.12.12 17:04:06.574,0.94462,0.9449,1.00,1.00
2016.12.12 17:04:06.624,0.94468,0.94488,1.00,1.00
2016.12.12 17:04:06.902,0.94463,0.94488,1.00,1.00
2016.12.12 17:04:07.605,0.94463,0.94487,1.00,1.00
2016.12.12 17:04:08.033,0.94463,0.94485,1.00,1.00
2016.12.12 17:04:11.109,0.94462,0.94485,1.00,1.00
2016.12.12 17:04:11.448,0.94462,0.94483,1.00,1.00
2016.12.12 17:04:12.286,0.94462,0.94484,1.00,1.00
2016.12.12 17:04:13.202,0.94463,0.94482,1.00,1.00
2016.12.12 17:04:13.348,0.94463,0.94485,1.00,1.00
2016.12.12 17:04:13.854,0.94462,0.94485,1.00,1.00
2016.12.12 17:04:13.955,0.94462,0.94482,1.00,1.00
2016.12.12 17:04:15.366,0.94462,0.94484,1.00,1.00
2016.12.12 17:04:16.720,0.94463,0.94484,1.00,1.00
2016.12.12 17:04:17.291,0.94463,0.94483,1.00,1.00
2016.12.12 17:04:17.392,0.94463,0.94481,1.00,1.00
2016.12.12 17:04:17.543,0.94463,0.94485,1.00,1.00
2016.12.12 17:04:17.644,0.94462,0.94487,1.00,1.00
2016.12.12 17:04:18.227,0.94463,0.94488,1.50,1.00
2016.12.12 17:04:18.634,0.94468,0.94486,1.00,1.00
2016.12.12 17:04:18.862,0.94463,0.94487,1.00,1.00
2016.12.12 17:04:19.619,0.94463,0.94489,1.00,1.00
2016.12.12 17:04:21.174,0.94463,0.94487,1.00,1.00
2016.12.12 17:04:21.726,0.94463,0.94488,1.50,1.00
2016.12.12 17:04:22.229,0.94468,0.94488,1.00,1.00
2016.12.12 17:04:23.769,0.94468,0.94489,1.00,1.00
2016.12.12 17:04:24.180,0.94463,0.94486,1.00,1.00
2016.12.12 17:04:24.375,0.94467,0.94486,1.00,1.00
2016.12.12 17:04:25.034,0.94462,0.94487,1.00,1.00
2016.12.12 17:04:25.135,0.94468,0.94487,1.00,1.00
2016.12.12 17:04:26.437,0.94463,0.94487,1.00,1.00
2016.12.12 17:04:26.937,0.94468,0.94487,1.00,1.00
2016.12.12 17:04:27.050,0.94462,0.94487,1.50,1.00
2016.12.12 17:04:27.151,0.94462,0.94489,1.50,1.00
2016.12.12 17:04:27.332,0.94462,0.94487,1.00,1.00
2016.12.12 17:04:27.879,0.94463,0.94487,1.00,1.00
2016.12.12 17:04:28.777,0.94463,0.94485,1.00,1.00
2016.12.12 17:04:29.305,0.94463,0.94484,1.00,1.00
2016.12.12 17:04:29.606,0.94463,0.94482,1.00,1.00
2016.12.12 17:04:29.842,0.94457,0.94482,1.00,1.00
2016.12.12 17:04:30.815,0.94457,0.94484,1.50,1.00
2016.12.12 17:04:31.014,0.94457,0.94482,1.00,1.00
2016.12.12 17:04:31.740,0.94458,0.94482,1.00,1.00
2016.12.12 17:04:33.247,0.94457,0.94482,1.00,1.00
2016.12.12 17:04:33.771,0.94458,0.9448,1.00,1.00
2016.12.12 17:04:34.620,0.94458,0.94481,1.00,1.00
2016.12.12 17:04:35.370,0.94458,0.9448,1.00,1.00
2016.12.12 17:04:36.599,0.94458,0.94482,1.00,1.00
2016.12.12 17:04:36.650,0.94459,0.94486,1.00,1.00
2016.12.12 17:04:36.750,0.94461,0.94486,1.00,1.00
2016.12.12 17:04:37.272,0.94463,0.94486,1.00,1.00
2016.12.12 17:04:37.776,0.94462,0.94486,1.00,1.00
2016.12.12 17:04:38.621,0.94462,0.94485,1.00,1.00
2016.12.12 17:04:39.701,0.9446,0.94485,1.00,1.00
2016.12.12 17:04:39.802,0.9446,0.94487,1.00,1.00
2016.12.12 17:04:39.976,0.94463,0.94487,1.00,1.00
2016.12.12 17:04:40.335,0.94463,0.94482,1.00,1.00
2016.12.12 17:04:40.398,0.94457,0.94482,1.50,1.00
2016.12.12 17:04:40.449,0.94457,0.9448,1.00,1.00
2016.12.12 17:04:40.803,0.94458,0.94482,1.00,1.00
2016.12.12 17:04:41.362,0.94457,0.94482,1.00,1.00
2016.12.12 17:04:41.903,0.94458,0.94483,1.50,1.00
2016.12.12 17:04:42.432,0.94461,0.94484,1.00,1.00
2016.12.12 17:04:42.633,0.94462,0.94486,1.00,1.00
2016.12.12 17:04:42.784,0.94468,0.94486,1.00,1.00
2016.12.12 17:04:42.835,0.94468,0.94488,1.00,1.00
2016.12.12 17:04:45.350,0.94468,0.94489,1.00,1.00
2016.12.12 17:04:47.429,0.94468,0.9449,1.00,1.00
2016.12.12 17:04:48.325,0.94468,0.94489,1.00,1.00
2016.12.12 17:04:49.014,0.94468,0.94488,1.00,1.00
2016.12.12 17:04:52.924,0.94468,0.94489,1.00,1.00
2016.12.12 17:04:55.931,0.94468,0.94491,1.50,1.00
2016.12.12 17:04:55.981,0.94473,0.94491,1.00,1.00
2016.12.12 17:04:56.908,0.94468,0.94491,1.50,1.00
2016.12.12 17:04:59.913,0.94473,0.94491,1.00,1.00
2016.12.12 17:05:00.314,0.94469,0.94493,1.00,1.00
2016.12.12 17:05:00.415,0.94471,0.94496,1.00,1.00
2016.12.12 17:05:00.787,0.94477,0.94495,1.00,1.00
2016.12.12 17:05:02.086,0.94478,0.94495,1.00,1.00
2016.12.12 17:05:02.137,0.94478,0.94497,1.00,1.00
2016.12.12 17:05:02.263,0.94471,0.94497,1.00,1.50
2016.12.12 17:05:02.313,0.94469,0.94494,1.00,1.00
2016.12.12 17:05:04.939,0.94472,0.94494,1.00,1.00
2016.12.12 17:05:05.316,0.94469,0.94494,1.00,1.00
2016.12.12 17:05:05.917,0.94473,0.94494,1.00,1.00
2016.12.12 17:05:06.775,0.94473,0.94495,1.00,1.00
2016.12.12 17:05:07.342,0.94472,0.94495,1.00,1.00
2016.12.12 17:05:07.890,0.94473,0.94495,1.00,1.00
2016.12.12 17:05:08.321,0.94469,0.94495,1.00,1.00
2016.12.12 17:05:09.423,0.94473,0.94495,1.00,1.00
2016.12.12 17:05:11.330,0.94472,0.94495,1.00,1.00
2016.12.12 17:05:11.964,0.94473,0.94495,1.00,1.00
2016.12.12 17:05:14.681,0.94473,0.94496,1.00,1.00
2016.12.12 17:05:15.218,0.94473,0.94495,1.00,1.00
2016.12.12 17:05:15.879,0.94473,0.94494,1.00,1.00
2016.12.12 17:05:19.310,0.94473,0.94496,1.00,1.00
2016.12.12 17:05:19.532,0.94473,0.94494,1.00,1.00
2016.12.12 17:05:20.440,0.94472,0.94494,1.00,1.00
2016.12.12 17:05:23.345,0.94473,0.94494,1.00,1.00
2016.12.12 17:05:23.645,0.94469,0.94492,1.00,1.00
2016.12.12 17:05:23.696,0.9447,0.94494,1.00,1.00
2016.12.12 17:05:23.747,0.94473,0.94494,1.00,1.00
2016.12.12 17:05:24.043,0.94473,0.94496,1.00,1.00
2016.12.12 17:05:24.093,0.94478,0.94496,1.00,1.00
2016.12.12 17:05:24.883,0.94472,0.94496,1.00,1.00
2016.12.12 17:05:25.648,0.9447,0.94496,1.00,1.00
2016.12.12 17:05:26.678,0.9447,0.94495,1.00,1.00
2016.12.12 17:05:27.241,0.94471,0.94496,1.00,1.00
2016.12.12 17:05:28.409,0.9447,0.94496,1.00,1.00
2016.12.12 17:05:29.261,0.9447,0.94493,1.00,1.00
2016.12.12 17:05:29.362,0.94468,0.94492,1.50,1.00
2016.12.12 17:05:29.614,0.94467,0.94489,1.00,1.00
2016.12.12 17:05:30.170,0.94466,0.94489,1.00,1.00
2016.12.12 17:05:30.432,0.94464,0.94488,1.00,1.00
2016.12.12 17:05:31.434,0.94464,0.94489,1.00,1.00
2016.12.12 17:05:32.652,0.94463,0.94486,1.00,1.00
2016.12.12 17:05:33.188,0.94463,0.94487,1.00,1.00
2016.12.12 17:05:33.715,0.94463,0.94488,1.50,1.00
2016.12.12 17:05:34.340,0.94465,0.94488,1.00,1.00
2016.12.12 17:05:34.661,0.94468,0.94488,1.00,1.00
2016.12.12 17:05:35.376,0.94468,0.94489,1.00,1.00
2016.12.12 17:05:35.963,0.94466,0.94489,1.00,1.00
2016.12.12 17:05:36.110,0.94464,0.94489,1.00,1.00
2016.12.12 17:05:36.986,0.94463,0.94488,1.00,1.00
2016.12.12 17:05:38.411,0.94464,0.94489,1.00,1.00
2016.12.12 17:05:40.326,0.94466,0.9449,1.00,1.00
2016.12.12 17:05:40.479,0.94464,0.94489,1.00,1.00
2016.12.12 17:05:40.622,0.94467,0.94489,1.00,1.00
2016.12.12 17:05:41.110,0.94463,0.94488,1.50,1.00
2016.12.12 17:05:41.372,0.94468,0.94487,1.00,1.00
2016.12.12 17:05:41.583,0.94463,0.94487,1.00,1.00
2016.12.12 17:05:42.235,0.94463,0.94486,1.50,1.00
2016.12.12 17:05:45.963,0.94463,0.94487,1.50,1.00
2016.12.12 17:05:47.379,0.94468,0.94487,1.00,1.00
2016.12.12 17:05:47.602,0.94463,0.94487,1.00,1.00
2016.12.12 17:05:48.363,0.94463,0.94486,1.00,1.00
2016.12.12 17:05:48.860,0.94463,0.9449,1.00,1.00
2016.12.12 17:05:49.011,0.94467,0.9449,1.00,1.00
2016.12.12 17:05:49.811,0.94468,0.94491,1.00,1.00
2016.12.12 17:05:50.134,0.94465,0.94488,1.00,1.00
2016.12.12 17:05:51.212,0.94464,0.94487,1.00,1.00
2016.12.12 17:05:51.263,0.94462,0.94487,1.50,1.00
2016.12.12 17:05:51.414,0.94462,0.94485,1.50,1.00
2016.12.12 17:05:52.812,0.94463,0.94487,1.00,1.00
2016.12.12 17:05:52.934,0.94468,0.94487,1.00,1.00
2016.12.12 17:05:53.288,0.94463,0.94487,1.50,1.00
2016.12.12 17:05:53.401,0.94464,0.94489,1.00,1.00
2016.12.12 17:05:53.502,0.94466,0.94489,1.00,1.00
2016.12.12 17:05:53.832,0.94468,0.94489,1.00,1.00
2016.12.12 17:05:57.239,0.94468,0.9449,1.00,1.00
2016.12.12 17:05:57.512,0.94463,0.94486,1.50,1.00
2016.12.12 17:05:58.318,0.9446,0.94484,1.00,1.00
2016.12.12 17:05:59.558,0.94461,0.94484,1.00,1.00
2016.12.12 17:06:00.561,0.94459,0.94485,1.00,1.00
2016.12.12 17:06:00.893,0.94461,0.94485,1.00,1.00
2016.12.12 17:06:02.935,0.94463,0.94487,1.00,1.00
2016.12.12 17:06:03.214,0.94461,0.94487,1.00,1.00
2016.12.12 17:06:03.874,0.94463,0.94486,1.00,1.00
2016.12.12 17:06:04.747,0.94464,0.94489,1.00,1.00
2016.12.12 17:06:04.948,0.94466,0.94489,1.00,1.00
2016.12.12 17:06:05.151,0.94463,0.94487,1.00,1.00
2016.12.12 17:06:05.833,0.94462,0.94487,1.00,1.00
2016.12.12 17:06:05.934,0.94462,0.94485,1.00,1.00
2016.12.12 17:06:07.950,0.94461,0.94484,1.00,1.00
2016.12.12 17:06:08.898,0.94462,0.94485,1.00,1.00
2016.12.12 17:06:11.121,0.9446,0.94486,1.00,1.00
2016.12.12 17:06:12.312,0.9446,0.94485,1.00,1.00
2016.12.12 17:06:13.452,0.9446,0.94483,1.00,1.00
2016.12.12 17:06:14.364,0.9446,0.94485,1.00,1.00
2016.12.12 17:06:16.035,0.94459,0.94485,1.00,1.00
2016.12.12 17:06:16.461,0.9446,0.94483,1.00,1.00
2016.12.12 17:06:20.127,0.94459,0.94483,1.00,1.00
2016.12.12 17:06:20.228,0.94453,0.94478,1.50,1.00
2016.12.12 17:06:20.328,0.94451,0.94476,1.00,1.00
2016.12.12 17:06:21.513,0.94454,0.94477,1.00,1.00
2016.12.12 17:06:21.937,0.94451,0.94477,1.00,1.00
2016.12.12 17:06:22.538,0.94452,0.94478,1.00,1.00
2016.12.12 17:06:22.753,0.94455,0.94478,1.00,1.00
2016.12.12 17:06:22.804,0.94456,0.94481,1.00,1.00
2016.12.12 17:06:22.854,0.94459,0.94484,1.00,1.50
2016.12.12 17:06:23.491,0.94459,0.94485,1.00,1.00
2016.12.12 17:06:23.935,0.94461,0.94486,1.00,1.00
2016.12.12 17:06:24.613,0.94461,0.94488,1.00,1.00
2016.12.12 17:06:24.670,0.94463,0.94486,1.00,1.00
2016.12.12 17:06:25.458,0.94464,0.94489,1.00,1.00
2016.12.12 17:06:25.559,0.94468,0.94492,1.00,1.50
2016.12.12 17:06:26.187,0.9447,0.94495,1.00,1.00
2016.12.12 17:06:27.298,0.94468,0.94495,1.50,1.00
2016.12.12 17:06:28.227,0.94469,0.94496,1.00,1.00
2016.12.12 17:06:29.217,0.9447,0.94496,1.00,1.00
2016.12.12 17:06:29.389,0.94469,0.94494,1.00,1.00
2016.12.12 17:06:30.124,0.9447,0.94497,1.00,1.50
2016.12.12 17:06:30.391,0.94472,0.94497,1.00,1.50
2016.12.12 17:06:31.393,0.94472,0.94496,1.00,1.00
2016.12.12 17:06:33.149,0.94473,0.94497,1.00,1.00
2016.12.12 17:06:33.863,0.94473,0.94496,1.00,1.00
2016.12.12 17:06:34.791,0.94473,0.94497,1.00,1.00
2016.12.12 17:06:34.842,0.94473,0.945,1.50,1.00
2016.12.12 17:06:36.009,0.94473,0.94498,1.00,1.00
2016.12.12 17:06:38.985,0.94472,0.94498,1.00,1.00
2016.12.12 17:06:41.571,0.94473,0.94498,1.00,1.00
2016.12.12 17:06:42.329,0.94472,0.94497,1.00,1.00
2016.12.12 17:06:44.097,0.94472,0.94495,1.00,1.00
2016.12.12 17:06:45.190,0.94471,0.94494,1.00,1.00
2016.12.12 17:06:46.083,0.94471,0.94496,1.00,1.00
2016.12.12 17:06:48.470,0.94471,0.94494,1.00,1.00
2016.12.12 17:06:48.699,0.94471,0.94496,1.00,1.00
2016.12.12 17:06:49.320,0.94473,0.94496,1.00,1.00
2016.12.12 17:06:50.006,0.94474,0.94498,1.00,1.00
2016.12.12 17:06:50.057,0.94472,0.94494,1.00,1.00
2016.12.12 17:06:50.107,0.94473,0.94496,1.00,1.00
2016.12.12 17:06:51.063,0.94473,0.94495,1.00,1.00
2016.12.12 17:06:52.808,0.94469,0.94492,1.00,1.00
2016.12.12 17:06:53.096,0.94471,0.94494,1.00,1.00
2016.12.12 17:06:54.190,0.94468,0.94494,1.50,1.00
2016.12.12 17:06:54.615,0.9447,0.94495,1.00,1.00
2016.12.12 17:06:55.179,0.94471,0.94497,1.00,1.50
2016.12.12 17:06:55.772,0.9447,0.94495,1.00,1.00
2016.12.12 17:06:55.822,0.94468,0.94494,1.00,1.00
2016.12.12 17:06:56.655,0.9447,0.94493,1.00,1.00
2016.12.12 17:06:57.657,0.94471,0.94494,1.00,1.00
2016.12.12 17:06:58.661,0.94472,0.94495,1.00,1.00
2016.12.12 17:07:00.612,0.94471,0.94495,1.00,1.00
2016.12.12 17:07:01.613,0.9447,0.94495,1.00,1.00
2016.12.12 17:07:03.836,0.94473,0.94495,1.00,1.00
2016.12.12 17:07:03.886,0.94473,0.94497,1.00,1.00
2016.12.12 17:07:05.242,0.94473,0.94494,1.00,1.00
2016.12.12 17:07:05.422,0.94471,0.94494,1.00,1.00
2016.12.12 17:07:06.899,0.94473,0.94494,1.00,1.00
2016.12.12 17:07:10.026,0.94473,0.94495,1.00,1.00
2016.12.12 17:07:10.602,0.94473,0.94496,1.00,1.00
2016.12.12 17:07:11.121,0.94474,0.94497,1.00,1.00
2016.12.12 17:07:11.451,0.94473,0.94494,1.00,1.00
2016.12.12 17:07:11.904,0.94471,0.94494,1.00,1.00
2016.12.12 17:07:15.409,0.94472,0.94495,1.00,1.00
2016.12.12 17:07:16.020,0.94472,0.94496,1.00,1.00
2016.12.12 17:07:16.756,0.94472,0.94495,1.00,1.00
2016.12.12 17:07:18.787,0.94474,0.94497,1.00,1.00
2016.12.12 17:07:19.778,0.94474,0.94498,1.00,1.00
2016.12.12 17:07:23.803,0.94475,0.945,1.00,1.00
2016.12.12 17:07:23.853,0.94478,0.94501,1.00,1.00
2016.12.12 17:07:24.359,0.94479,0.94502,1.00,1.00
2016.12.12 17:07:24.909,0.9448,0.94503,1.00,1.00
2016.12.12 17:07:24.960,0.94476,0.945,1.00,1.00
2016.12.12 17:07:25.323,0.94478,0.94501,1.00,1.00
2016.12.12 17:07:25.969,0.94478,0.94503,1.00,1.00
2016.12.12 17:07:26.319,0.94476,0.94503,1.00,1.00
2016.12.12 17:07:26.911,0.94477,0.94502,1.00,1.00
2016.12.12 17:07:27.412,0.94478,0.94502,1.00,1.00
2016.12.12 17:07:28.689,0.94478,0.94501,1.50,1.00
2016.12.12 17:07:30.672,0.94478,0.94503,1.00,1.00
2016.12.12 17:07:31.173,0.94478,0.94504,1.50,1.00
2016.12.12 17:07:31.718,0.94478,0.94501,1.00,1.00
2016.12.12 17:07:32.048,0.94477,0.94499,1.00,1.00
2016.12.12 17:07:32.551,0.94472,0.94497,1.00,1.00
2016.12.12 17:07:33.472,0.94474,0.94497,1.00,1.50
2016.12.12 17:07:33.977,0.94472,0.94495,1.00,1.00
2016.12.12 17:07:35.346,0.94472,0.94496,1.00,1.00
2016.12.12 17:07:36.276,0.94471,0.94496,1.00,1.00
2016.12.12 17:07:36.838,0.94477,0.94497,1.35,1.00
2016.12.12 17:07:36.888,0.94477,0.94501,1.35,1.00
2016.12.12 17:07:37.760,0.94478,0.94501,1.00,1.00
2016.12.12 17:07:39.887,0.94477,0.94499,1.35,1.00
2016.12.12 17:07:40.189,0.94474,0.945,1.00,1.00
2016.12.12 17:07:40.354,0.94477,0.945,1.00,1.00
2016.12.12 17:07:40.874,0.94478,0.945,1.00,1.00
2016.12.12 17:07:40.975,0.94474,0.945,1.00,1.00
2016.12.12 17:07:41.509,0.94475,0.94498,1.00,1.00
2016.12.12 17:07:42.228,0.94475,0.94499,1.00,1.00
2016.12.12 17:07:42.887,0.94476,0.94499,1.00,1.00
2016.12.12 17:07:43.185,0.94473,0.94498,1.00,1.00
2016.12.12 17:07:43.436,0.94471,0.94497,1.00,1.50
2016.12.12 17:07:43.749,0.94478,0.94497,1.00,1.00
2016.12.12 17:07:45.351,0.94477,0.94497,1.00,1.00
2016.12.12 17:07:45.953,0.94478,0.94497,1.00,1.00
2016.12.12 17:07:47.555,0.94477,0.94497,1.00,1.00
2016.12.12 17:07:48.350,0.94477,0.94499,1.00,1.00
2016.12.12 17:07:48.501,0.94474,0.94498,1.00,1.00
2016.12.12 17:07:48.758,0.94478,0.94498,1.00,1.00
2016.12.12 17:07:49.037,0.94478,0.945,1.00,1.00
2016.12.12 17:07:50.711,0.94478,0.94503,1.50,1.00
2016.12.12 17:07:50.812,0.94479,0.94505,1.00,1.00
2016.12.12 17:07:50.862,0.94482,0.94505,1.00,1.00
2016.12.12 17:07:51.463,0.94483,0.94506,1.00,1.00
2016.12.12 17:07:51.891,0.94481,0.94506,1.00,1.00
2016.12.12 17:07:52.462,0.9448,0.94505,1.00,1.00
2016.12.12 17:07:53.282,0.94481,0.94506,1.00,1.00
2016.12.12 17:07:53.797,0.94482,0.94506,1.00,1.00
2016.12.12 17:07:54.649,0.94482,0.94507,1.00,1.00
2016.12.12 17:07:55.867,0.94488,0.94507,1.00,1.00
2016.12.12 17:07:56.834,0.94488,0.94506,1.00,1.00
2016.12.12 17:07:56.885,0.94481,0.94508,1.00,1.00
2016.12.12 17:07:59.383,0.94482,0.94507,1.00,1.00
2016.12.12 17:08:00.477,0.94478,0.94505,2.25,1.00
2016.12.12 17:08:00.527,0.94481,0.94506,1.00,1.00
2016.12.12 17:08:00.879,0.94483,0.94506,1.00,1.00
2016.12.12 17:08:01.576,0.94483,0.94507,1.00,1.00
2016.12.12 17:08:02.114,0.94482,0.94507,1.00,1.00
2016.12.12 17:08:02.775,0.94484,0.94507,1.00,1.00
2016.12.12 17:08:03.316,0.94483,0.94508,1.00,1.00
2016.12.12 17:08:04.678,0.94482,0.94507,1.00,1.00
2016.12.12 17:08:05.027,0.94484,0.94507,1.00,1.00
2016.12.12 17:08:06.838,0.94483,0.94506,1.00,1.00
2016.12.12 17:08:07.324,0.94485,0.94508,1.00,1.00
2016.12.12 17:08:08.240,0.94483,0.94507,1.00,1.00
2016.12.12 17:08:08.646,0.94482,0.94509,1.00,1.00
2016.12.12 17:08:09.184,0.94483,0.94509,1.00,1.00
2016.12.12 17:08:10.296,0.94484,0.94507,1.00,1.00
2016.12.12 17:08:10.766,0.94483,0.9451,1.00,1.00
2016.12.12 17:08:10.817,0.94488,0.9451,1.00,1.00
2016.12.12 17:08:11.017,0.94483,0.9451,1.00,1.00
2016.12.12 17:08:11.184,0.94488,0.9451,1.00,1.00
2016.12.12 17:08:11.284,0.94483,0.9451,1.00,1.00
2016.12.12 17:08:11.779,0.94481,0.94508,1.00,1.00
2016.12.12 17:08:12.136,0.94483,0.94508,1.00,1.00
2016.12.12 17:08:12.538,0.94485,0.9451,1.00,1.00
2016.12.12 17:08:12.886,0.94488,0.94513,1.00,1.00
2016.12.12 17:08:13.087,0.94485,0.94512,1.00,1.00
2016.12.12 17:08:13.510,0.94483,0.9451,1.00,1.00
2016.12.12 17:08:14.091,0.94485,0.9451,1.00,1.00
2016.12.12 17:08:14.245,0.94482,0.94512,1.00,1.00
2016.12.12 17:08:14.351,0.94482,0.94505,1.00,1.00
2016.12.12 17:08:14.401,0.94478,0.94502,1.00,1.00
2016.12.12 17:08:14.452,0.94478,0.94499,1.00,1.00
2016.12.12 17:08:14.502,0.94473,0.94498,1.00,1.00
2016.12.12 17:08:14.553,0.94473,0.94502,1.00,1.00
2016.12.12 17:08:14.704,0.94476,0.94503,1.00,1.00
2016.12.12 17:08:15.090,0.94483,0.94503,1.00,1.00
2016.12.12 17:08:15.468,0.94483,0.94505,1.00,1.00
2016.12.12 17:08:16.639,0.94482,0.94505,1.00,1.00
2016.12.12 17:08:17.167,0.94482,0.94504,1.00,1.00
2016.12.12 17:08:17.218,0.94488,0.94504,1.00,1.00
2016.12.12 17:08:17.319,0.94478,0.94503,1.00,1.00
2016.12.12 17:08:17.420,0.9448,0.94506,1.00,1.00
2016.12.12 17:08:17.722,0.94482,0.94507,1.00,1.00
2016.12.12 17:08:19.203,0.94483,0.94507,1.00,1.00
2016.12.12 17:08:19.425,0.9448,0.94505,1.00,1.00
2016.12.12 17:08:19.526,0.94483,0.94505,1.00,1.00
2016.12.12 17:08:20.874,0.94483,0.94507,1.00,1.00
2016.12.12 17:08:21.029,0.94483,0.94505,1.00,1.00
2016.12.12 17:08:21.508,0.94483,0.94507,1.00,1.00
2016.12.12 17:08:22.312,0.94483,0.94505,1.00,1.00
2016.12.12 17:08:22.705,0.94487,0.94504,1.00,1.00
2016.12.12 17:08:23.290,0.94487,0.94506,1.00,1.00
2016.12.12 17:08:24.103,0.94482,0.94506,1.00,1.00
2016.12.12 17:08:25.122,0.94479,0.94506,1.00,1.00
2016.12.12 17:08:25.259,0.94483,0.94506,1.00,1.00
2016.12.12 17:08:25.913,0.94483,0.94507,1.00,1.00
2016.12.12 17:08:26.115,0.94483,0.94509,1.00,1.00
2016.12.12 17:08:27.410,0.94483,0.94506,1.00,1.00
2016.12.12 17:08:27.559,0.94482,0.94508,1.00,1.00
2016.12.12 17:08:28.510,0.94483,0.94508,1.00,1.00
2016.12.12 17:08:29.052,0.94482,0.94507,1.50,1.00
2016.12.12 17:08:29.211,0.94488,0.94507,1.00,1.00
2016.12.12 17:08:29.335,0.94482,0.94507,1.00,1.00
2016.12.12 17:08:29.946,0.94483,0.94508,1.50,1.00
2016.12.12 17:08:30.544,0.94483,0.94506,1.00,1.00
2016.12.12 17:08:30.647,0.94484,0.94511,1.00,1.00
2016.12.12 17:08:30.748,0.94488,0.94511,1.00,1.00
2016.12.12 17:08:30.849,0.94484,0.94511,1.00,1.00
2016.12.12 17:08:31.129,0.94488,0.94511,1.00,1.00
2016.12.12 17:08:31.362,0.94484,0.94511,1.00,1.00
2016.12.12 17:08:31.797,0.94486,0.94511,1.00,1.00
2016.12.12 17:08:32.590,0.94487,0.94511,1.00,1.00
2016.12.12 17:08:33.432,0.94486,0.94511,1.00,1.00
2016.12.12 17:08:33.482,0.94484,0.94511,1.00,1.00
2016.12.12 17:08:34.053,0.94486,0.94511,1.00,1.00
2016.12.12 17:08:34.601,0.94487,0.9451,1.00,1.00
2016.12.12 17:08:34.793,0.94487,0.94512,1.50,1.00
2016.12.12 17:08:34.843,0.94488,0.9451,1.00,1.00
2016.12.12 17:08:35.214,0.94488,0.94508,1.00,1.00
2016.12.12 17:08:37.326,0.94488,0.94506,1.00,1.00
2016.12.12 17:08:37.844,0.94488,0.94508,1.00,1.00
2016.12.12 17:08:38.192,0.94488,0.94506,1.00,1.00
2016.12.12 17:08:38.962,0.94488,0.94507,1.00,1.00
2016.12.12 17:08:39.063,0.94484,0.94507,1.00,1.00
2016.12.12 17:08:39.344,0.94488,0.94511,1.00,1.00
2016.12.12 17:08:39.495,0.94488,0.94513,1.00,1.00
2016.12.12 17:08:43.224,0.94493,0.94513,1.00,1.00
2016.12.12 17:08:43.425,0.94488,0.94513,1.00,1.00
2016.12.12 17:08:44.142,0.94489,0.94512,1.00,1.00
2016.12.12 17:08:45.183,0.94487,0.94512,1.50,1.00
2016.12.12 17:08:45.641,0.94488,0.9451,1.00,1.00
2016.12.12 17:08:45.692,0.94488,0.94514,1.50,1.50
2016.12.12 17:08:45.742,0.94492,0.94514,1.00,1.00
2016.12.12 17:08:46.306,0.94492,0.94515,1.00,1.00
2016.12.12 17:08:46.834,0.94493,0.94515,1.00,1.00
2016.12.12 17:08:47.844,0.94493,0.94517,1.00,1.00
2016.12.12 17:08:50.240,0.94494,0.94518,1.00,1.00
2016.12.12 17:08:53.350,0.94493,0.94515,1.00,1.00
2016.12.12 17:08:54.140,0.94493,0.94516,1.00,1.00
2016.12.12 17:08:54.862,0.94494,0.94517,1.00,1.00
2016.12.12 17:08:57.599,0.94493,0.94516,1.00,1.00
2016.12.12 17:09:00.728,0.94494,0.94517,1.00,1.00
2016.12.12 17:09:00.942,0.94495,0.94521,1.00,1.00
2016.12.12 17:09:00.993,0.94495,0.94523,1.00,1.00
2016.12.12 17:09:01.043,0.94501,0.94523,1.00,1.00
2016.12.12 17:09:01.093,0.94503,0.94527,1.00,1.00
2016.12.12 17:09:01.144,0.94509,0.94528,1.00,1.00
2016.12.12 17:09:01.477,0.94515,0.94537,1.00,2.25
2016.12.12 17:09:01.528,0.94515,0.9454,1.00,1.00
2016.12.12 17:09:01.578,0.94518,0.9454,1.00,1.00
2016.12.12 17:09:01.629,0.94518,0.94543,1.50,1.00
2016.12.12 17:09:01.831,0.94517,0.9454,1.00,1.00
2016.12.12 17:09:01.881,0.94513,0.9454,1.50,1.00
2016.12.12 17:09:01.982,0.94513,0.94538,1.00,1.00
2016.12.12 17:09:02.296,0.94518,0.94542,1.00,1.00
2016.12.12 17:09:02.813,0.94517,0.94542,1.50,1.00
2016.12.12 17:09:03.364,0.94517,0.94543,1.50,1.00
2016.12.12 17:09:03.957,0.94518,0.94543,1.00,1.00
2016.12.12 17:09:04.364,0.9452,0.94545,1.00,1.00
2016.12.12 17:09:04.807,0.94523,0.94545,1.00,1.00
2016.12.12 17:09:05.796,0.9452,0.94545,1.00,1.00
2016.12.12 17:09:06.778,0.94523,0.94545,1.00,1.00
2016.12.12 17:09:07.322,0.94523,0.94546,1.00,1.00
2016.12.12 17:09:08.353,0.94523,0.94545,1.00,1.00
2016.12.12 17:09:08.677,0.94528,0.94546,1.00,1.00
2016.12.12 17:09:08.733,0.94528,0.94551,1.00,1.50
2016.12.12 17:09:08.834,0.94524,0.94551,1.00,1.00
2016.12.12 17:09:09.096,0.94528,0.94551,1.00,1.00
2016.12.12 17:09:09.706,0.94528,0.94552,1.00,1.00
2016.12.12 17:09:10.173,0.94532,0.94556,1.00,2.25
2016.12.12 17:09:10.274,0.94529,0.94556,1.00,1.00
2016.12.12 17:09:10.569,0.94533,0.94556,1.00,1.00
2016.12.12 17:09:10.949,0.94533,0.94554,1.00,1.00
2016.12.12 17:09:11.006,0.94533,0.94556,1.00,1.00
2016.12.12 17:09:11.112,0.94533,0.94558,1.00,1.00
2016.12.12 17:09:11.512,0.94533,0.94556,1.00,1.00
2016.12.12 17:09:12.310,0.94532,0.94556,1.00,1.00
2016.12.12 17:09:12.822,0.94532,0.94555,1.00,1.00
2016.12.12 17:09:12.972,0.9453,0.94555,1.00,1.00
2016.12.12 17:09:13.172,0.94537,0.94555,1.00,1.00
2016.12.12 17:09:13.435,0.94537,0.94558,1.00,1.00
2016.12.12 17:09:13.673,0.94531,0.94557,1.00,1.00
2016.12.12 17:09:13.836,0.94529,0.94556,1.00,1.00
2016.12.12 17:09:13.886,0.94532,0.94556,1.00,1.00
2016.12.12 17:09:14.274,0.94529,0.94556,1.00,1.00
2016.12.12 17:09:14.453,0.94531,0.94557,1.00,1.00
2016.12.12 17:09:14.766,0.94536,0.94561,1.00,1.00
2016.12.12 17:09:15.099,0.94542,0.94565,1.00,1.00
2016.12.12 17:09:15.199,0.9454,0.94565,1.00,1.00
2016.12.12 17:09:16.128,0.94539,0.94564,1.00,1.00
2016.12.12 17:09:16.656,0.9454,0.94567,1.00,1.50
2016.12.12 17:09:16.706,0.94543,0.94567,1.00,1.00
2016.12.12 17:09:16.807,0.94543,0.9457,1.00,1.00
2016.12.12 17:09:16.908,0.94548,0.94572,1.00,1.00
2016.12.12 17:09:17.302,0.94552,0.94572,1.00,1.00
2016.12.12 17:09:17.996,0.94552,0.94573,1.00,1.00
2016.12.12 17:09:18.181,0.94548,0.94573,1.50,1.00
2016.12.12 17:09:18.705,0.94547,0.94572,1.00,1.00
2016.12.12 17:09:21.482,0.94547,0.9457,1.00,1.00
2016.12.12 17:09:23.288,0.94548,0.9457,1.00,1.00
2016.12.12 17:09:23.839,0.94548,0.94567,1.00,1.00
2016.12.12 17:09:23.890,0.94543,0.94565,1.50,1.00
2016.12.12 17:09:23.990,0.94543,0.94563,1.00,1.00
2016.12.12 17:09:24.215,0.94538,0.94563,1.50,1.00
2016.12.12 17:09:24.421,0.94535,0.94562,1.00,1.00
2016.12.12 17:09:24.572,0.94535,0.9456,1.00,1.00
2016.12.12 17:09:25.313,0.94534,0.94559,1.00,1.00
2016.12.12 17:09:26.090,0.94532,0.94559,1.50,1.00
2016.12.12 17:09:26.293,0.94532,0.94557,1.00,1.00
2016.12.12 17:09:26.814,0.94533,0.94557,1.00,1.00
2016.12.12 17:09:27.991,0.94533,0.94556,1.00,1.00
2016.12.12 17:09:28.994,0.94533,0.94558,1.00,1.00
2016.12.12 17:09:30.441,0.94533,0.94557,1.00,1.00
2016.12.12 17:09:30.706,0.94533,0.9456,1.50,1.00
2016.12.12 17:09:31.356,0.94536,0.94559,1.00,1.00
2016.12.12 17:09:31.818,0.94533,0.94558,1.50,1.00
2016.12.12 17:09:32.809,0.94534,0.94558,1.00,1.00
2016.12.12 17:09:32.909,0.94535,0.9456,1.00,1.00
2016.12.12 17:09:35.997,0.94534,0.94558,1.00,1.00
2016.12.12 17:09:37.118,0.94533,0.94558,1.00,1.00
2016.12.12 17:09:37.646,0.94533,0.94557,1.50,1.00
2016.12.12 17:09:37.732,0.94534,0.94559,1.00,1.00
2016.12.12 17:09:38.701,0.94533,0.94559,1.50,1.00
2016.12.12 17:09:40.068,0.94534,0.94559,1.00,1.00
2016.12.12 17:09:40.373,0.94537,0.9456,1.00,1.00
2016.12.12 17:09:40.899,0.94536,0.94563,1.00,1.00
2016.12.12 17:09:41.004,0.94538,0.94565,1.00,1.00
2016.12.12 17:09:42.027,0.94537,0.94564,1.00,1.00
2016.12.12 17:09:42.689,0.94537,0.94562,1.00,1.00
2016.12.12 17:09:43.770,0.94536,0.94562,1.00,1.00
2016.12.12 17:09:44.339,0.94536,0.94563,1.00,1.00
2016.12.12 17:09:44.711,0.94536,0.94561,1.00,1.00
2016.12.12 17:09:44.809,0.94536,0.94563,1.00,1.00
2016.12.12 17:09:45.810,0.94535,0.94562,1.00,1.00
2016.12.12 17:09:46.812,0.94536,0.94562,1.00,1.00
2016.12.12 17:09:48.565,0.94535,0.9456,1.00,1.00
2016.12.12 17:09:48.910,0.94533,0.94559,1.50,1.00
2016.12.12 17:09:49.061,0.94538,0.94559,1.00,1.00
2016.12.12 17:09:49.162,0.94535,0.9456,1.00,1.00
2016.12.12 17:09:49.522,0.94535,0.94563,1.00,1.50
2016.12.12 17:09:49.622,0.94539,0.94564,1.00,1.50
2016.12.12 17:09:49.924,0.94537,0.94562,1.00,1.00
2016.12.12 17:09:50.651,0.94538,0.94563,1.00,1.00
2016.12.12 17:09:52.224,0.94539,0.94564,1.00,1.00
2016.12.12 17:09:53.619,0.94537,0.94562,1.00,1.00
2016.12.12 17:09:54.127,0.94536,0.94562,1.00,1.00
2016.12.12 17:09:54.714,0.94535,0.9456,1.00,1.00
2016.12.12 17:09:56.130,0.94534,0.94558,1.00,1.00
2016.12.12 17:09:56.435,0.94531,0.94558,1.00,1.00
2016.12.12 17:09:56.971,0.94532,0.94558,1.00,1.00
2016.12.12 17:09:57.587,0.94532,0.94559,1.50,1.00
2016.12.12 17:10:00.134,0.94532,0.94557,1.00,1.00
2016.12.12 17:10:00.645,0.94531,0.94557,1.00,1.00
2016.12.12 17:10:01.097,0.9453,0.94555,1.00,1.00
2016.12.12 17:10:01.168,0.94528,0.94554,1.50,1.00
2016.12.12 17:10:02.069,0.94527,0.94552,1.50,1.00
2016.12.12 17:10:02.599,0.94527,0.94551,1.00,1.00
2016.12.12 17:10:03.181,0.94527,0.94552,1.50,1.00
2016.12.12 17:10:04.441,0.94527,0.94551,1.00,1.00
2016.12.12 17:10:05.154,0.94528,0.94551,1.00,1.00
2016.12.12 17:10:05.881,0.94528,0.94552,1.00,1.00
2016.12.12 17:10:06.579,0.94527,0.94552,1.50,1.00
2016.12.12 17:10:07.240,0.94528,0.94552,1.00,1.00
2016.12.12 17:10:07.886,0.94527,0.94552,1.50,1.00
2016.12.12 17:10:09.701,0.94528,0.94553,1.00,1.00
2016.12.12 17:10:11.409,0.94529,0.94554,1.00,1.00
2016.12.12 17:10:12.305,0.94528,0.94553,1.00,1.00
2016.12.12 17:10:13.441,0.94528,0.94551,1.50,1.00
2016.12.12 17:10:15.598,0.94527,0.9455,1.00,1.00
2016.12.12 17:10:17.796,0.94528,0.94551,1.00,1.00
2016.12.12 17:10:19.935,0.94526,0.94551,1.00,1.00
2016.12.12 17:10:19.986,0.94524,0.94549,1.50,1.00
2016.12.12 17:10:20.329,0.94528,0.94551,1.00,1.00
2016.12.12 17:10:21.586,0.94525,0.9455,1.00,1.00
2016.12.12 17:10:21.636,0.94524,0.94548,1.00,1.00
2016.12.12 17:10:21.737,0.94523,0.9455,1.50,1.00
2016.12.12 17:10:22.660,0.94523,0.94549,1.00,1.00
2016.12.12 17:10:22.792,0.94524,0.94547,1.00,1.00
2016.12.12 17:10:22.942,0.94522,0.94547,1.00,1.00
2016.12.12 17:10:23.136,0.94524,0.94547,1.00,1.50
2016.12.12 17:10:24.318,0.94523,0.94548,1.00,1.00
2016.12.12 17:10:24.669,0.9452,0.94544,1.00,1.00
2016.12.12 17:10:25.281,0.94518,0.94543,1.00,1.00
2016.12.12 17:10:26.568,0.94519,0.94542,1.00,1.00
2016.12.12 17:10:27.801,0.94519,0.94543,1.00,1.00
2016.12.12 17:10:31.027,0.94518,0.94542,1.00,1.00
2016.12.12 17:10:31.077,0.94518,0.9454,1.00,1.00
2016.12.12 17:10:31.678,0.94517,0.9454,1.00,1.00
2016.12.12 17:10:32.372,0.94518,0.9454,1.00,1.00
2016.12.12 17:10:33.019,0.94518,0.94538,1.00,1.00
2016.12.12 17:10:33.139,0.94518,0.9454,1.00,1.00
2016.12.12 17:10:34.126,0.94518,0.94538,1.00,1.00
2016.12.12 17:10:34.814,0.94513,0.94538,1.00,1.00
2016.12.12 17:10:34.915,0.94513,0.94536,1.00,1.00
2016.12.12 17:10:35.015,0.9451,0.94535,1.00,1.00
2016.12.12 17:10:35.394,0.94513,0.94535,1.00,1.00
2016.12.12 17:10:36.217,0.94513,0.94534,1.00,1.00
2016.12.12 17:10:36.385,0.94513,0.94536,1.00,1.00
2016.12.12 17:10:36.883,0.94514,0.94539,1.00,1.00
2016.12.12 17:10:36.984,0.94516,0.94541,1.00,1.00
2016.12.12 17:10:37.270,0.94514,0.9454,1.00,1.00
2016.12.12 17:10:38.788,0.94517,0.9454,1.00,1.00
2016.12.12 17:10:39.427,0.94517,0.94541,1.00,1.00
2016.12.12 17:10:39.624,0.94517,0.94543,1.50,1.00
2016.12.12 17:10:39.871,0.9452,0.94545,1.00,1.00
2016.12.12 17:10:40.627,0.9452,0.94546,1.00,1.00
2016.12.12 17:10:40.960,0.94517,0.94545,1.50,1.00
2016.12.12 17:10:41.929,0.94516,0.94544,1.00,1.00
2016.12.12 17:10:42.808,0.94515,0.94543,1.00,1.00
2016.12.12 17:10:43.602,0.94517,0.94543,1.00,1.00
2016.12.12 17:10:45.312,0.94515,0.94543,1.00,1.00
2016.12.12 17:10:46.490,0.94513,0.94542,1.00,1.00
2016.12.12 17:10:46.540,0.94514,0.9454,1.00,1.00
2016.12.12 17:10:47.243,0.94514,0.94539,1.00,1.00
2016.12.12 17:10:50.303,0.94518,0.94541,1.00,1.00
2016.12.12 17:10:50.846,0.94517,0.94542,1.50,1.00
2016.12.12 17:10:51.165,0.94517,0.9454,1.50,1.00
2016.12.12 17:10:51.913,0.94518,0.9454,1.00,1.00
2016.12.12 17:10:52.573,0.94518,0.94542,1.00,1.00
2016.12.12 17:10:53.108,0.94519,0.94543,1.00,1.00
2016.12.12 17:10:53.727,0.94518,0.94542,1.00,1.00
2016.12.12 17:10:54.710,0.94518,0.9454,1.00,1.00
2016.12.12 17:10:55.493,0.94517,0.9454,1.00,1.00
2016.12.12 17:10:56.659,0.94514,0.94539,1.00,1.00
2016.12.12 17:10:57.642,0.94514,0.94538,1.00,1.00
2016.12.12 17:10:58.644,0.94513,0.94538,1.00,1.00
2016.12.12 17:10:59.235,0.94514,0.9454,1.00,1.00
2016.12.12 17:11:00.225,0.94515,0.94538,1.00,1.00
2016.12.12 17:11:00.630,0.94511,0.94537,1.00,1.00
2016.12.12 17:11:00.731,0.94513,0.94538,1.00,1.00
2016.12.12 17:11:01.595,0.94514,0.94539,1.00,1.00
2016.12.12 17:11:02.602,0.94515,0.9454,1.00,1.00
2016.12.12 17:11:04.176,0.94513,0.9454,1.50,1.00
2016.12.12 17:11:04.920,0.94513,0.94538,1.50,1.00
2016.12.12 17:11:05.459,0.94513,0.94537,1.00,1.00
2016.12.12 17:11:08.070,0.94513,0.94536,1.00,1.00
2016.12.12 17:11:09.440,0.9451,0.94535,1.00,1.00
2016.12.12 17:11:09.837,0.94513,0.94535,1.00,1.00
2016.12.12 17:11:10.339,0.94513,0.94536,1.00,1.00
2016.12.12 17:11:11.838,0.94512,0.94536,1.00,1.00
2016.12.12 17:11:12.539,0.94513,0.94536,1.00,1.00
2016.12.12 17:11:13.243,0.94513,0.94537,1.00,1.00
2016.12.12 17:11:13.560,0.94518,0.94537,1.00,1.00
2016.12.12 17:11:14.343,0.94513,0.94537,1.00,1.00
2016.12.12 17:11:15.483,0.94514,0.94537,1.00,1.00
2016.12.12 17:11:16.072,0.94514,0.94539,1.00,1.00
2016.12.12 17:11:16.580,0.94513,0.94538,1.00,1.00
2016.12.12 17:11:16.917,0.94518,0.94538,1.00,1.00
2016.12.12 17:11:17.771,0.94518,0.94539,1.00,1.00
2016.12.12 17:11:17.891,0.94513,0.94539,1.00,1.00
2016.12.12 17:11:19.001,0.94515,0.9454,1.00,1.00
2016.12.12 17:11:19.459,0.94518,0.9454,1.00,1.00
2016.12.12 17:11:21.552,0.94518,0.94539,1.00,1.00
2016.12.12 17:11:21.603,0.94518,0.94541,1.00,1.00
2016.12.12 17:11:22.254,0.94515,0.94541,1.00,1.00
2016.12.12 17:11:23.053,0.94518,0.94541,1.00,1.00
2016.12.12 17:11:24.416,0.94518,0.94539,1.00,1.00
2016.12.12 17:11:25.430,0.94518,0.94541,1.00,1.00
2016.12.12 17:11:25.582,0.94518,0.94543,1.00,1.00
2016.12.12 17:11:25.632,0.9452,0.94545,1.00,1.00
2016.12.12 17:11:25.733,0.9452,0.94547,1.00,1.00
2016.12.12 17:11:25.783,0.94522,0.94547,1.00,1.00
2016.12.12 17:11:26.346,0.94522,0.94549,1.50,1.50
2016.12.12 17:11:26.397,0.94526,0.94553,1.00,1.50
2016.12.12 17:11:26.725,0.94528,0.94553,1.00,1.00
2016.12.12 17:11:27.529,0.94527,0.94551,1.50,1.00
2016.12.12 17:11:28.528,0.94527,0.94553,1.00,1.00
2016.12.12 17:11:28.638,0.94528,0.94551,1.00,1.00
2016.12.12 17:11:29.062,0.94527,0.94547,1.00,1.00
2016.12.12 17:11:29.789,0.94526,0.94547,1.00,1.00
2016.12.12 17:11:30.295,0.94525,0.94547,1.00,1.00
2016.12.12 17:11:31.770,0.94526,0.94547,1.00,1.00
2016.12.12 17:11:31.985,0.94528,0.94551,1.50,1.00
2016.12.12 17:11:41.500,0.94528,0.94552,1.00,1.00
2016.12.12 17:11:42.036,0.94527,0.94551,1.00,1.00
2016.12.12 17:11:42.941,0.94528,0.94551,1.00,1.00
2016.12.12 17:11:43.483,0.94527,0.9455,1.00,1.00
2016.12.12 17:11:43.596,0.94527,0.94552,1.00,1.50
2016.12.12 17:11:44.789,0.94526,0.94551,1.00,1.00
2016.12.12 17:11:44.839,0.94526,0.94549,1.00,1.00
2016.12.12 17:11:45.840,0.94525,0.94549,1.00,1.00
2016.12.12 17:11:46.405,0.94522,0.9455,1.50,1.00
2016.12.12 17:11:46.455,0.94522,0.94545,1.00,1.00
2016.12.12 17:11:46.606,0.94518,0.94543,1.00,1.00
2016.12.12 17:11:46.764,0.94517,0.9454,1.00,1.00
2016.12.12 17:11:47.520,0.94517,0.94541,1.00,1.00
2016.12.12 17:11:48.217,0.94517,0.94537,1.00,1.00
2016.12.12 17:11:48.575,0.94515,0.94537,1.00,1.00
2016.12.12 17:11:49.126,0.94516,0.94537,1.00,1.00
2016.12.12 17:11:49.548,0.94512,0.94537,1.00,1.00
2016.12.12 17:11:50.330,0.94511,0.94538,1.00,1.50
2016.12.12 17:11:50.731,0.94509,0.94536,1.00,1.00
2016.12.12 17:11:53.351,0.94513,0.94536,1.00,1.00
2016.12.12 17:11:53.662,0.94508,0.94536,1.00,1.00
2016.12.12 17:11:54.341,0.94509,0.94536,1.00,1.00
2016.12.12 17:11:56.371,0.94509,0.94534,1.00,1.00
2016.12.12 17:11:56.931,0.9451,0.94535,1.00,1.00
2016.12.12 17:11:57.584,0.9451,0.94536,1.00,1.00
2016.12.12 17:11:57.990,0.94512,0.94535,1.00,1.00
2016.12.12 17:11:58.534,0.94513,0.94536,1.00,1.00
2016.12.12 17:11:59.241,0.94513,0.94537,1.00,1.00
2016.12.12 17:11:59.951,0.94513,0.94538,1.00,1.50
2016.12.12 17:12:00.561,0.94514,0.94538,1.00,1.50
2016.12.12 17:12:01.220,0.94511,0.94537,1.00,1.00
2016.12.12 17:12:03.543,0.9451,0.94536,1.00,1.00
2016.12.12 17:12:03.977,0.9451,0.94532,1.00,1.00
2016.12.12 17:12:04.523,0.94509,0.94532,1.00,1.00
2016.12.12 17:12:05.450,0.94512,0.94532,1.00,1.00
2016.12.12 17:12:05.563,0.94512,0.94535,1.00,1.00
2016.12.12 17:12:05.956,0.94512,0.94532,1.00,1.00
2016.12.12 17:12:06.387,0.94509,0.94532,1.00,1.00
2016.12.12 17:12:06.658,0.94507,0.94532,1.00,1.00
2016.12.12 17:12:06.763,0.94507,0.94535,1.00,1.00
2016.12.12 17:12:07.040,0.94507,0.94533,1.00,1.00
2016.12.12 17:12:07.653,0.94507,0.94535,1.00,1.00
2016.12.12 17:12:07.704,0.94507,0.94533,1.00,1.00
2016.12.12 17:12:08.263,0.94508,0.94532,1.00,1.00
2016.12.12 17:12:09.793,0.94506,0.94532,1.00,1.00
2016.12.12 17:12:09.944,0.94504,0.94532,1.50,1.50
2016.12.12 17:12:10.045,0.94504,0.94529,1.50,1.00
2016.12.12 17:12:10.196,0.94502,0.94529,1.00,1.00
2016.12.12 17:12:10.247,0.94503,0.94532,1.50,1.50
2016.12.12 17:12:10.297,0.94506,0.94532,1.00,1.50
2016.12.12 17:12:10.498,0.94503,0.9453,1.00,1.00
2016.12.12 17:12:10.599,0.945,0.94526,1.00,1.00
2016.12.12 17:12:10.937,0.94506,0.94527,1.00,1.00
2016.12.12 17:12:10.988,0.94506,0.94531,1.00,1.00
2016.12.12 17:12:12.487,0.94506,0.94532,1.00,1.00
2016.12.12 17:12:13.488,0.94505,0.94532,1.00,1.00
2016.12.12 17:12:15.100,0.94507,0.94534,1.00,1.00
2016.12.12 17:12:15.867,0.94508,0.94533,1.00,1.00
2016.12.12 17:12:16.469,0.94508,0.94532,1.00,1.00
2016.12.12 17:12:17.011,0.94509,0.94533,1.00,1.00
2016.12.12 17:12:17.062,0.9451,0.94536,1.00,1.00
2016.12.12 17:12:17.654,0.94511,0.94535,1.00,1.00
2016.12.12 17:12:17.900,0.94513,0.94535,1.00,1.00
2016.12.12 17:12:19.466,0.94512,0.94535,1.00,1.00
2016.12.12 17:12:19.809,0.94514,0.94537,1.00,1.00
2016.12.12 17:12:21.862,0.94515,0.94537,1.00,1.00
2016.12.12 17:12:21.963,0.94511,0.94534,1.00,1.00
2016.12.12 17:12:22.014,0.94513,0.94533,1.00,1.00
2016.12.12 17:12:22.115,0.94508,0.94533,1.50,1.00
2016.12.12 17:12:22.673,0.94508,0.94532,1.00,1.00
2016.12.12 17:12:23.172,0.94507,0.9453,1.00,1.00
2016.12.12 17:12:23.273,0.94508,0.94532,1.00,1.50
2016.12.12 17:12:23.821,0.94508,0.94531,1.00,1.00
2016.12.12 17:12:24.022,0.94505,0.94531,1.00,1.00
2016.12.12 17:12:24.612,0.94504,0.9453,1.00,1.00
2016.12.12 17:12:24.841,0.94506,0.94531,1.00,1.00
2016.12.12 17:12:24.941,0.94504,0.94532,1.00,1.00
2016.12.12 17:12:25.305,0.94507,0.94531,1.00,1.00
2016.12.12 17:12:25.699,0.94504,0.94527,1.00,1.00
2016.12.12 17:12:26.062,0.94506,0.94529,1.00,1.00
2016.12.12 17:12:26.314,0.94504,0.94529,1.00,1.00
2016.12.12 17:12:26.817,0.94505,0.94529,1.00,1.00
2016.12.12 17:12:27.219,0.94506,0.94532,1.00,1.00
2016.12.12 17:12:27.876,0.94507,0.94531,1.00,1.00
2016.12.12 17:12:29.876,0.94505,0.94531,1.00,1.00
2016.12.12 17:12:30.137,0.94504,0.94529,1.00,1.00
2016.12.12 17:12:30.723,0.94504,0.94528,1.00,1.00
2016.12.12 17:12:31.785,0.94505,0.94529,1.00,1.00
2016.12.12 17:12:32.129,0.94507,0.94531,1.00,1.00
2016.12.12 17:12:32.641,0.94508,0.94531,1.00,1.00
2016.12.12 17:12:33.214,0.94509,0.94532,1.00,1.00
2016.12.12 17:12:33.265,0.94508,0.94534,1.00,1.00
2016.12.12 17:12:33.713,0.94507,0.9453,1.00,1.00
2016.12.12 17:12:34.607,0.94504,0.9453,1.00,1.00
2016.12.12 17:12:35.466,0.94506,0.94531,1.00,1.00
2016.12.12 17:12:36.104,0.94508,0.94533,1.00,1.00
2016.12.12 17:12:36.406,0.94507,0.94531,1.00,1.00
2016.12.12 17:12:36.943,0.94508,0.94531,1.00,1.00
2016.12.12 17:12:37.856,0.94508,0.9453,1.00,1.00
2016.12.12 17:12:38.001,0.94503,0.9453,1.00,1.00
2016.12.12 17:12:38.803,0.94505,0.9453,1.00,1.00
2016.12.12 17:12:39.321,0.94505,0.94529,1.00,1.00
2016.12.12 17:12:40.356,0.94504,0.94528,1.00,1.00
2016.12.12 17:12:40.865,0.94503,0.94528,1.00,1.00
2016.12.12 17:12:40.915,0.94501,0.94528,1.00,1.00
2016.12.12 17:12:41.150,0.94503,0.94527,1.00,1.00
2016.12.12 17:12:41.200,0.94504,0.94529,1.00,1.00
2016.12.12 17:12:42.011,0.94506,0.9453,1.00,1.00
2016.12.12 17:12:42.551,0.94512,0.9453,1.00,1.00
2016.12.12 17:12:42.652,0.94504,0.9453,1.00,1.00
2016.12.12 17:12:43.102,0.94506,0.94532,1.00,1.50
2016.12.12 17:12:43.515,0.94504,0.94531,1.00,1.00
2016.12.12 17:12:43.715,0.94504,0.94529,1.00,1.00
2016.12.12 17:12:44.254,0.94503,0.94528,1.50,1.00
2016.12.12 17:12:45.787,0.94506,0.94531,1.00,1.00
2016.12.12 17:12:46.294,0.94507,0.94531,1.00,1.00
2016.12.12 17:12:46.771,0.94507,0.94533,1.00,1.00
2016.12.12 17:12:46.822,0.94512,0.94533,1.00,1.00
2016.12.12 17:12:47.539,0.94508,0.94533,1.00,1.00
2016.12.12 17:12:47.966,0.94512,0.94533,1.00,1.00
2016.12.12 17:12:48.031,0.94508,0.94533,1.00,1.00
2016.12.12 17:12:48.676,0.94507,0.94532,1.00,1.00
2016.12.12 17:12:49.025,0.94513,0.94533,1.00,1.00
2016.12.12 17:12:49.176,0.94513,0.94535,1.00,1.00
2016.12.12 17:12:49.692,0.94512,0.94535,1.00,1.00
2016.12.12 17:12:51.029,0.94513,0.94535,1.00,1.00
2016.12.12 17:12:52.035,0.94508,0.94535,1.50,1.00
2016.12.12 17:12:52.135,0.94508,0.94532,1.50,1.00
2016.12.12 17:12:52.432,0.94509,0.94534,1.00,1.00
2016.12.12 17:12:52.626,0.9451,0.94536,1.00,1.00
2016.12.12 17:12:53.587,0.94511,0.94536,1.00,1.00
2016.12.12 17:12:53.779,0.9451,0.94534,1.00,1.00
2016.12.12 17:12:54.107,0.94512,0.94533,1.00,1.00
2016.12.12 17:12:54.158,0.94507,0.94532,1.00,1.00
2016.12.12 17:12:54.341,0.94513,0.94535,1.00,1.00
2016.12.12 17:12:54.893,0.94512,0.94535,1.00,1.00
2016.12.12 17:12:55.413,0.94513,0.94536,1.00,1.00
2016.12.12 17:12:55.463,0.94511,0.94536,1.00,1.00
2016.12.12 17:12:56.022,0.94511,0.94535,1.00,1.00
2016.12.12 17:12:56.530,0.94512,0.94536,1.00,1.00
2016.12.12 17:12:57.042,0.94511,0.94536,1.00,1.00
2016.12.12 17:12:57.093,0.94508,0.94535,1.00,1.00
2016.12.12 17:12:57.376,0.94508,0.94532,1.00,1.00
2016.12.12 17:12:59.543,0.94508,0.94534,1.50,1.00
2016.12.12 17:13:00.085,0.94512,0.94536,1.00,1.00
2016.12.12 17:13:00.338,0.94513,0.94539,1.00,1.35
2016.12.12 17:13:01.863,0.94515,0.9454,1.00,1.60
2016.12.12 17:13:02.328,0.94516,0.94542,1.00,1.00
2016.12.12 17:13:03.083,0.94518,0.94542,1.00,1.00
2016.12.12 17:13:03.732,0.94517,0.94542,1.00,1.00
2016.12.12 17:13:04.269,0.94518,0.94542,1.00,1.00
2016.12.12 17:13:04.700,0.9452,0.94544,1.00,1.00
2016.12.12 17:13:05.012,0.94518,0.94542,1.00,1.00
2016.12.12 17:13:05.628,0.94519,0.94542,1.00,1.00
2016.12.12 17:13:05.679,0.94517,0.94542,1.00,1.00
2016.12.12 17:13:05.729,0.94519,0.94542,1.00,1.00
2016.12.12 17:13:06.043,0.94521,0.94543,1.00,1.00
2016.12.12 17:13:06.326,0.94518,0.94543,1.50,1.00
2016.12.12 17:13:06.678,0.94521,0.94544,1.00,1.00
2016.12.12 17:13:08.123,0.94518,0.94544,1.00,1.00
2016.12.12 17:13:08.554,0.94518,0.94541,1.00,1.00
2016.12.12 17:13:08.806,0.94516,0.94542,1.00,1.00
2016.12.12 17:13:09.394,0.94517,0.94542,1.00,1.00
2016.12.12 17:13:09.635,0.94516,0.9454,1.00,1.00
2016.12.12 17:13:09.970,0.94515,0.94542,1.00,1.00
2016.12.12 17:13:10.020,0.94517,0.9454,1.00,1.00
2016.12.12 17:13:10.765,0.94519,0.94542,1.00,1.00
2016.12.12 17:13:12.125,0.94518,0.94544,1.00,1.00
2016.12.12 17:13:13.129,0.9452,0.94543,1.00,1.00
2016.12.12 17:13:13.826,0.9452,0.94542,1.00,1.00
2016.12.12 17:13:14.337,0.9452,0.94543,1.00,1.00
2016.12.12 17:13:15.305,0.94519,0.94542,1.00,1.00
2016.12.12 17:13:15.861,0.9452,0.94543,1.00,1.00
2016.12.12 17:13:16.593,0.94518,0.94543,1.50,1.00
2016.12.12 17:13:17.595,0.9452,0.94543,1.00,1.00
2016.12.12 17:13:20.764,0.94519,0.94545,1.00,1.00
2016.12.12 17:13:20.814,0.94519,0.94542,1.00,1.00
2016.12.12 17:13:21.451,0.94517,0.94542,1.00,1.50
2016.12.12 17:13:21.850,0.94516,0.9454,1.00,1.00
2016.12.12 17:13:22.306,0.94518,0.94542,1.00,1.50
2016.12.12 17:13:28.639,0.94517,0.94541,1.00,1.00
2016.12.12 17:13:28.689,0.94515,0.94541,1.00,1.00
2016.12.12 17:13:28.904,0.94518,0.94541,1.00,1.00
2016.12.12 17:13:29.429,0.94518,0.94543,1.00,1.00
2016.12.12 17:13:29.615,0.94512,0.94536,1.50,1.00
2016.12.12 17:13:29.918,0.9451,0.94533,1.00,1.00
2016.12.12 17:13:30.510,0.94511,0.94533,1.00,1.00
2016.12.12 17:13:30.663,0.94511,0.94538,1.00,1.50
2016.12.12 17:13:31.282,0.94511,0.94537,1.00,1.00
2016.12.12 17:13:34.513,0.94511,0.94533,1.00,1.00
2016.12.12 17:13:35.294,0.94509,0.94533,1.00,1.00
2016.12.12 17:13:35.803,0.9451,0.94532,1.00,1.00
2016.12.12 17:13:36.985,0.94508,0.94532,1.00,1.50
2016.12.12 17:13:37.035,0.9451,0.94534,1.00,1.00
2016.12.12 17:13:37.282,0.94509,0.94536,1.00,1.00
2016.12.12 17:13:38.007,0.9451,0.94537,1.00,1.00
2016.12.12 17:13:39.274,0.94513,0.94539,1.00,1.00
2016.12.12 17:13:39.594,0.94515,0.94541,1.00,1.00
2016.12.12 17:13:40.592,0.94517,0.94542,1.00,1.00
2016.12.12 17:13:41.248,0.94515,0.94542,1.00,1.50
2016.12.12 17:13:41.768,0.94518,0.94542,1.00,1.50
2016.12.12 17:13:43.897,0.94516,0.94542,1.00,1.00
2016.12.12 17:13:44.312,0.94512,0.94536,1.00,1.00
2016.12.12 17:13:44.362,0.9451,0.94536,1.00,1.00
2016.12.12 17:13:44.413,0.94511,0.94538,1.00,1.00
2016.12.12 17:13:45.062,0.94512,0.9454,1.00,1.00
2016.12.12 17:13:46.423,0.94512,0.94539,1.00,1.00
2016.12.12 17:13:46.911,0.94509,0.94533,1.00,1.00
2016.12.12 17:13:47.252,0.94513,0.94539,1.00,2.10
2016.12.12 17:13:47.470,0.94516,0.94543,1.00,1.00
2016.12.12 17:13:47.571,0.94514,0.94541,1.00,1.00
2016.12.12 17:13:47.887,0.94517,0.94541,1.00,1.00
2016.12.12 17:13:48.061,0.94517,0.94545,1.00,1.00
2016.12.12 17:13:48.182,0.94515,0.94538,1.00,1.00
2016.12.12 17:13:48.536,0.94518,0.94545,1.00,1.00
2016.12.12 17:13:48.676,0.94518,0.94543,1.00,1.00
2016.12.12 17:13:48.987,0.94514,0.94542,1.00,1.00
2016.12.12 17:13:53.047,0.94513,0.94541,1.00,1.00
2016.12.12 17:13:53.147,0.94515,0.94541,1.00,1.00
2016.12.12 17:13:53.742,0.94514,0.94539,1.00,1.00
2016.12.12 17:13:55.799,0.94512,0.94538,1.00,1.00
2016.12.12 17:13:57.698,0.94512,0.94537,1.00,1.00
2016.12.12 17:13:58.188,0.94514,0.94538,1.00,1.00
2016.12.12 17:13:59.296,0.94513,0.94538,1.00,1.00
2016.12.12 17:14:00.299,0.94513,0.9454,1.00,1.00
2016.12.12 17:14:00.394,0.94513,0.94537,1.00,1.00
2016.12.12 17:14:00.953,0.94512,0.94536,1.00,1.00
2016.12.12 17:14:01.173,0.94509,0.94535,1.00,1.00
2016.12.12 17:14:01.304,0.94511,0.94537,1.00,1.00
2016.12.12 17:14:01.953,0.94512,0.94538,1.00,1.00
2016.12.12 17:14:04.174,0.94511,0.94537,1.00,1.00
2016.12.12 17:14:08.428,0.94512,0.94538,1.00,1.00
2016.12.12 17:14:09.731,0.94513,0.94538,1.00,1.00
2016.12.12 17:14:10.269,0.94518,0.94539,1.00,1.00
2016.12.12 17:14:10.511,0.94514,0.94539,1.00,1.00
2016.12.12 17:14:10.766,0.94512,0.9454,1.50,1.00
2016.12.12 17:14:12.573,0.94513,0.9454,1.00,1.00
2016.12.12 17:14:12.624,0.94513,0.94538,1.00,1.00
2016.12.12 17:14:13.274,0.94511,0.94538,1.00,1.00
2016.12.12 17:14:13.926,0.94511,0.94535,1.00,1.00
2016.12.12 17:14:14.475,0.94512,0.94537,1.00,1.00
2016.12.12 17:14:15.379,0.94513,0.94537,1.00,1.00
2016.12.12 17:14:16.053,0.94514,0.94541,1.00,1.50
2016.12.12 17:14:16.305,0.94517,0.94542,1.00,1.00
2016.12.12 17:14:16.984,0.94518,0.94541,1.00,1.00
2016.12.12 17:14:17.505,0.94518,0.9454,1.00,1.00
2016.12.12 17:14:18.020,0.94518,0.94541,1.00,1.00
2016.12.12 17:14:18.901,0.94518,0.94543,1.00,1.00
2016.12.12 17:14:19.092,0.94515,0.94542,1.00,1.00
2016.12.12 17:14:19.494,0.94517,0.94542,1.00,1.00
2016.12.12 17:14:20.288,0.94518,0.94542,1.00,1.00
2016.12.12 17:14:20.389,0.94515,0.94542,1.00,1.00
2016.12.12 17:14:20.541,0.94513,0.94541,1.50,1.00
2016.12.12 17:14:20.673,0.94516,0.94541,1.00,1.00
2016.12.12 17:14:21.082,0.94517,0.94543,1.00,1.00
2016.12.12 17:14:21.234,0.94522,0.94544,1.00,1.00
2016.12.12 17:14:22.016,0.94522,0.94545,1.00,1.00
2016.12.12 17:14:22.346,0.94521,0.94542,1.00,1.00
2016.12.12 17:14:24.432,0.94524,0.94547,1.00,1.00
2016.12.12 17:14:24.596,0.94524,0.94553,1.00,1.50
2016.12.12 17:14:25.373,0.94524,0.94552,1.00,1.00
2016.12.12 17:14:25.894,0.94523,0.94552,1.00,1.50
2016.12.12 17:14:26.244,0.94525,0.94552,1.00,1.50
2016.12.12 17:14:28.259,0.94526,0.94551,1.00,1.00
2016.12.12 17:14:30.203,0.94528,0.94551,1.00,1.00
2016.12.12 17:14:30.626,0.94523,0.94552,1.00,1.00
2016.12.12 17:14:31.010,0.94528,0.94552,1.00,1.00
2016.12.12 17:14:31.753,0.94528,0.9455,1.00,1.00
2016.12.12 17:14:32.744,0.94528,0.94552,1.00,1.00
2016.12.12 17:14:33.430,0.94528,0.94554,1.50,1.50
2016.12.12 17:14:33.820,0.94533,0.94555,1.00,1.00
2016.12.12 17:14:34.253,0.94528,0.94555,1.00,1.00
2016.12.12 17:14:34.354,0.94528,0.94553,1.00,1.00
2016.12.12 17:14:34.596,0.94528,0.94555,1.00,1.00
2016.12.12 17:14:34.797,0.94528,0.94557,1.00,1.00
2016.12.12 17:14:34.948,0.94533,0.94557,1.00,1.00
2016.12.12 17:14:35.236,0.94528,0.94555,1.00,1.00
2016.12.12 17:14:35.414,0.94528,0.94552,1.00,1.00
2016.12.12 17:14:35.515,0.94526,0.94552,1.00,1.00
2016.12.12 17:14:37.017,0.94528,0.94552,1.00,1.00
2016.12.12 17:14:39.020,0.94526,0.94552,1.00,1.50
2016.12.12 17:14:41.736,0.94528,0.94555,1.00,1.00
2016.12.12 17:14:42.037,0.94533,0.94555,1.00,1.00
2016.12.12 17:14:42.702,0.94533,0.94554,1.00,1.00
2016.12.12 17:14:45.429,0.94532,0.94554,1.00,1.00
2016.12.12 17:14:45.546,0.94532,0.94556,1.00,1.50
2016.12.12 17:14:48.104,0.94529,0.94554,1.00,1.00
2016.12.12 17:14:50.143,0.94528,0.94554,1.00,1.00
2016.12.12 17:14:50.194,0.94527,0.94552,1.50,1.00
2016.12.12 17:14:50.773,0.94528,0.94553,1.00,1.50
2016.12.12 17:14:51.311,0.94528,0.94552,1.00,1.00
2016.12.12 17:14:52.335,0.94527,0.94553,1.00,1.00
2016.12.12 17:14:52.665,0.94532,0.94554,1.00,1.00
2016.12.12 17:14:53.084,0.94532,0.94552,1.00,1.00
2016.12.12 17:14:53.343,0.94527,0.94552,1.00,1.00
2016.12.12 17:14:54.958,0.94527,0.94553,1.00,1.00
2016.12.12 17:14:55.163,0.94527,0.94551,1.00,1.00
2016.12.12 17:14:56.993,0.94532,0.94551,1.00,1.00
2016.12.12 17:14:57.049,0.94527,0.94551,1.50,1.00
2016.12.12 17:14:57.273,0.94527,0.94549,1.00,1.00
2016.12.12 17:14:57.490,0.94518,0.94543,1.50,1.00
2016.12.12 17:14:57.792,0.94523,0.94543,1.00,1.00
2016.12.12 17:14:57.893,0.94518,0.94543,1.00,1.00
2016.12.12 17:14:58.202,0.9452,0.94544,1.00,1.00
2016.12.12 17:14:59.293,0.9452,0.94546,1.00,1.00
2016.12.12 17:14:59.354,0.94522,0.94546,1.00,1.00
2016.12.12 17:15:00.054,0.9452,0.94546,1.00,1.00
2016.12.12 17:15:01.160,0.94516,0.94546,1.00,1.00
2016.12.12 17:15:01.261,0.94514,0.9454,1.00,1.00
2016.12.12 17:15:01.602,0.94513,0.94537,1.00,1.00
2016.12.12 17:15:02.347,0.94512,0.94536,1.00,1.00
2016.12.12 17:15:02.802,0.94512,0.94539,1.00,1.00
2016.12.12 17:15:03.032,0.94515,0.94541,1.00,1.00
2016.12.12 17:15:03.461,0.94517,0.94541,1.00,1.00
2016.12.12 17:15:06.851,0.94517,0.94542,1.00,1.00
2016.12.12 17:15:07.861,0.94517,0.94543,1.00,1.00
2016.12.12 17:15:08.212,0.94513,0.94539,1.00,1.00
2016.12.12 17:15:08.955,0.94513,0.94537,1.00,1.00
2016.12.12 17:15:10.370,0.94512,0.94537,1.00,1.00
2016.12.12 17:15:10.921,0.94517,0.94539,1.00,1.00
2016.12.12 17:15:10.971,0.94512,0.94539,1.00,1.00
2016.12.12 17:15:11.512,0.94514,0.94539,1.00,1.00
2016.12.12 17:15:11.861,0.94518,0.94539,1.00,1.00
2016.12.12 17:15:12.515,0.94518,0.94538,1.00,1.00
2016.12.12 17:15:13.628,0.94518,0.9454,1.00,1.00
2016.12.12 17:15:14.325,0.94513,0.9454,1.50,1.00
2016.12.12 17:15:16.635,0.94515,0.94539,1.00,1.00
2016.12.12 17:15:16.747,0.94516,0.94541,1.00,1.00
2016.12.12 17:15:17.626,0.94515,0.9454,1.00,1.00
2016.12.12 17:15:18.566,0.94513,0.9454,1.50,1.00
2016.12.12 17:15:21.095,0.94513,0.94538,1.50,1.00
2016.12.12 17:15:22.676,0.94514,0.94539,1.00,1.00
2016.12.12 17:15:23.286,0.94515,0.9454,1.00,1.00
2016.12.12 17:15:24.741,0.94516,0.94541,1.00,1.00
2016.12.12 17:15:24.792,0.94513,0.94541,1.50,1.00
2016.12.12 17:15:24.842,0.94513,0.94539,1.50,1.00
2016.12.12 17:15:25.770,0.94513,0.94541,1.50,1.00
2016.12.12 17:15:26.049,0.94512,0.94537,1.50,1.00
2016.12.12 17:15:28.951,0.94512,0.94536,1.00,1.00
2016.12.12 17:15:29.163,0.9451,0.94535,1.00,1.00
2016.12.12 17:15:29.402,0.94512,0.94535,1.00,1.00
2016.12.12 17:15:29.503,0.9451,0.94535,1.00,1.00
2016.12.12 17:15:31.661,0.94509,0.94537,1.00,1.00
2016.12.12 17:15:32.183,0.9451,0.94538,1.00,1.00
2016.12.12 17:15:32.899,0.94511,0.94538,1.00,1.00
2016.12.12 17:15:33.805,0.94512,0.94538,1.00,1.00
2016.12.12 17:15:34.555,0.94512,0.9454,1.00,1.00
2016.12.12 17:15:35.670,0.94514,0.94539,1.00,1.00
2016.12.12 17:15:37.011,0.94518,0.94539,1.00,1.00
2016.12.12 17:15:37.425,0.94518,0.94537,1.00,1.00
2016.12.12 17:15:37.475,0.94518,0.94539,1.00,1.00
2016.12.12 17:15:37.872,0.94518,0.94537,1.00,1.00
2016.12.12 17:15:38.206,0.94518,0.94539,1.00,1.00
2016.12.12 17:15:38.285,0.94523,0.94539,1.00,1.00
2016.12.12 17:15:38.863,0.94523,0.94538,1.00,1.00
2016.12.12 17:15:39.515,0.94513,0.94538,1.00,1.00
2016.12.12 17:15:39.765,0.94523,0.9454,1.00,1.00
2016.12.12 17:15:41.420,0.94513,0.9454,1.00,1.00
2016.12.12 17:15:42.765,0.94516,0.9454,1.00,1.00
2016.12.12 17:15:42.816,0.94514,0.94539,1.00,1.00
2016.12.12 17:15:43.737,0.94514,0.94541,1.00,1.00
2016.12.12 17:15:44.271,0.94516,0.94541,1.00,1.00
2016.12.12 17:15:44.888,0.94516,0.94542,1.00,1.50
2016.12.12 17:15:46.565,0.94518,0.94542,1.00,1.00
2016.12.12 17:15:47.340,0.94518,0.94543,1.00,1.00
2016.12.12 17:15:47.539,0.94519,0.94545,1.00,1.00
2016.12.12 17:15:47.640,0.9452,0.94547,1.00,1.00
2016.12.12 17:15:47.740,0.94521,0.94549,1.00,1.00
2016.12.12 17:15:48.350,0.9452,0.94548,1.00,1.00
2016.12.12 17:15:48.730,0.94522,0.94548,1.00,1.00
2016.12.12 17:15:52.363,0.94528,0.94548,1.00,1.00
2016.12.12 17:15:52.897,0.94528,0.94549,1.00,1.00
2016.12.12 17:15:53.400,0.94528,0.94551,1.00,1.00
2016.12.12 17:15:53.962,0.94527,0.94551,1.00,1.00
2016.12.12 17:15:54.622,0.94527,0.94552,1.50,1.00
2016.12.12 17:15:55.069,0.94529,0.94555,1.00,1.00
2016.12.12 17:15:55.477,0.94532,0.94556,1.00,1.00
2016.12.12 17:15:56.269,0.94532,0.94558,1.50,1.00
2016.12.12 17:15:57.314,0.94533,0.94559,1.00,1.00
2016.12.12 17:15:57.540,0.94538,0.94559,1.00,1.00
2016.12.12 17:15:57.841,0.94533,0.94559,1.50,1.00
2016.12.12 17:15:58.440,0.94534,0.94559,1.00,1.00
2016.12.12 17:16:00.382,0.94538,0.94557,1.00,1.00
2016.12.12 17:16:00.433,0.94538,0.94559,1.00,1.00
2016.12.12 17:16:00.533,0.94532,0.94557,1.50,1.00
2016.12.12 17:16:00.584,0.94533,0.94563,1.00,1.50
2016.12.12 17:16:01.718,0.94533,0.94564,1.00,1.00
2016.12.12 17:16:02.195,0.94536,0.94562,1.00,1.00
2016.12.12 17:16:03.243,0.94536,0.94564,1.00,1.00
2016.12.12 17:16:03.370,0.94535,0.94562,1.00,1.00
2016.12.12 17:16:04.099,0.94532,0.94556,1.50,1.00
2016.12.12 17:16:05.606,0.9453,0.94556,1.00,1.00
2016.12.12 17:16:05.656,0.94532,0.94557,1.00,1.00
2016.12.12 17:16:05.820,0.94533,0.9456,1.00,1.00
2016.12.12 17:16:06.072,0.94537,0.94563,1.00,1.00
2016.12.12 17:16:06.580,0.94537,0.94562,1.50,1.00
2016.12.12 17:16:06.993,0.94538,0.94567,1.00,1.00
2016.12.12 17:16:07.099,0.94541,0.94567,1.00,1.00
2016.12.12 17:16:07.251,0.94538,0.94567,2.10,1.50
2016.12.12 17:16:07.865,0.94536,0.94567,1.00,1.00
2016.12.12 17:16:07.932,0.94538,0.94567,1.00,1.00
2016.12.12 17:16:08.150,0.94542,0.94573,1.00,1.50
2016.12.12 17:16:08.201,0.94542,0.9457,1.00,1.00
2016.12.12 17:16:08.390,0.94543,0.94572,1.00,1.00
2016.12.12 17:16:08.441,0.94539,0.94572,1.00,1.00
2016.12.12 17:16:08.542,0.94538,0.94569,1.50,1.00
2016.12.12 17:16:08.844,0.94542,0.94567,1.00,1.00
2016.12.12 17:16:08.900,0.94542,0.9457,1.00,1.35
2016.12.12 17:16:09.491,0.94543,0.9457,1.00,1.35
2016.12.12 17:16:09.845,0.9454,0.94568,1.00,1.00
2016.12.12 17:16:09.946,0.94543,0.9457,1.00,1.35
2016.12.12 17:16:10.047,0.9454,0.9457,1.00,1.00
2016.12.12 17:16:10.115,0.94542,0.9457,1.00,1.00
2016.12.12 17:16:10.165,0.94542,0.94572,1.00,1.00
2016.12.12 17:16:10.343,0.94544,0.94575,1.00,1.00
2016.12.12 17:16:10.550,0.94552,0.94575,1.00,1.00
2016.12.12 17:16:10.863,0.94552,0.94577,1.00,1.00
2016.12.12 17:16:10.914,0.94552,0.94579,1.00,1.50
2016.12.12 17:16:10.965,0.94548,0.94579,1.00,1.50
2016.12.12 17:16:11.242,0.94552,0.94579,1.00,1.50
2016.12.12 17:16:12.056,0.94552,0.94578,1.00,1.00
2016.12.12 17:16:12.452,0.94558,0.94579,1.00,1.00
2016.12.12 17:16:12.552,0.94552,0.9458,1.00,1.00
2016.12.12 17:16:12.713,0.94552,0.94582,1.00,1.50
2016.12.12 17:16:13.452,0.94552,0.9458,1.00,1.00
2016.12.12 17:16:14.070,0.94553,0.9458,1.00,1.00
2016.12.12 17:16:14.171,0.94548,0.94578,1.00,1.00
2016.12.12 17:16:14.381,0.94548,0.94576,1.00,1.00
2016.12.12 17:16:14.735,0.94553,0.94576,1.00,1.00
2016.12.12 17:16:14.785,0.94547,0.94576,1.50,1.00
2016.12.12 17:16:17.043,0.94547,0.94575,1.00,1.00
2016.12.12 17:16:19.164,0.94546,0.94575,1.00,1.00
2016.12.12 17:16:19.324,0.94546,0.94572,1.00,1.00
2016.12.12 17:16:19.375,0.94542,0.94572,2.25,1.00
2016.12.12 17:16:19.695,0.94542,0.94569,1.50,1.00
2016.12.12 17:16:19.998,0.94542,0.94572,1.00,1.00
2016.12.12 17:16:20.211,0.94545,0.94573,1.00,1.00
2016.12.12 17:16:20.392,0.94542,0.94573,1.50,1.00
2016.12.12 17:16:20.928,0.94543,0.94573,1.00,1.00
2016.12.12 17:16:21.459,0.94542,0.94573,1.50,1.00
2016.12.12 17:16:21.510,0.94545,0.94573,1.00,1.50
2016.12.12 17:16:21.612,0.94547,0.94577,1.00,1.35
2016.12.12 17:16:21.722,0.94547,0.94573,1.50,1.00
2016.12.12 17:16:22.327,0.94547,0.94569,1.00,1.00
2016.12.12 17:16:22.378,0.94543,0.94569,1.00,1.00
2016.12.12 17:16:22.428,0.94542,0.94564,1.00,1.00
2016.12.12 17:16:22.479,0.94542,0.94568,1.00,1.00
2016.12.12 17:16:22.579,0.9454,0.94568,1.00,1.35
2016.12.12 17:16:22.825,0.94541,0.9457,1.00,1.50
2016.12.12 17:16:23.348,0.94542,0.9457,1.00,1.50
2016.12.12 17:16:23.550,0.94542,0.94568,1.00,1.00
2016.12.12 17:16:23.718,0.9454,0.94567,1.00,1.00
2016.12.12 17:16:24.316,0.94538,0.94566,1.00,1.00
2016.12.12 17:16:25.091,0.94539,0.94567,1.00,1.00
2016.12.12 17:16:26.273,0.94543,0.94568,1.00,1.00
2016.12.12 17:16:27.258,0.94543,0.94567,1.00,1.00
2016.12.12 17:16:27.650,0.94543,0.94562,1.00,1.00
2016.12.12 17:16:27.901,0.94537,0.94562,1.00,1.00
2016.12.12 17:16:28.187,0.94534,0.94562,1.00,1.00
2016.12.12 17:16:28.502,0.94535,0.94564,1.00,1.00
2016.12.12 17:16:28.796,0.94538,0.94567,1.00,1.50
2016.12.12 17:16:29.179,0.9454,0.94569,1.00,1.50
2016.12.12 17:16:30.671,0.94541,0.94569,1.00,1.00
2016.12.12 17:16:30.958,0.94538,0.94567,1.00,1.00
2016.12.12 17:16:31.120,0.94539,0.94569,1.00,1.00
2016.12.12 17:16:31.384,0.94543,0.94569,1.00,1.00
2016.12.12 17:16:31.814,0.94548,0.94569,1.00,1.00
2016.12.12 17:16:31.985,0.94538,0.94566,1.50,1.00
2016.12.12 17:16:33.187,0.94542,0.94566,1.00,1.00
2016.12.12 17:16:33.287,0.94542,0.94569,1.00,1.00
2016.12.12 17:16:33.936,0.94542,0.9457,1.50,1.00
2016.12.12 17:16:34.339,0.9454,0.94569,1.00,1.00
2016.12.12 17:16:34.611,0.94543,0.94569,1.00,1.00
2016.12.12 17:16:35.111,0.9454,0.94567,1.00,1.00
2016.12.12 17:16:35.497,0.94542,0.94567,1.00,1.00
2016.12.12 17:16:35.831,0.94548,0.94569,1.00,1.00
2016.12.12 17:16:36.435,0.94542,0.94568,1.00,1.00
2016.12.12 17:16:36.912,0.94542,0.94571,1.50,1.00
2016.12.12 17:16:38.138,0.94542,0.94569,1.50,1.00
2016.12.12 17:16:38.887,0.94547,0.94569,1.00,1.00
2016.12.12 17:16:38.938,0.94543,0.94569,1.00,1.00
2016.12.12 17:16:39.141,0.94547,0.9457,1.00,1.00
2016.12.12 17:16:39.688,0.94547,0.94571,1.00,1.00
2016.12.12 17:16:40.324,0.94547,0.94568,1.00,1.00
2016.12.12 17:16:40.425,0.94542,0.94566,1.00,1.00
2016.12.12 17:16:40.526,0.94539,0.94566,1.00,1.00
2016.12.12 17:16:41.327,0.94539,0.94568,1.00,1.00
2016.12.12 17:16:42.088,0.94541,0.94568,1.00,1.00
2016.12.12 17:16:42.406,0.94543,0.94568,1.00,1.00
2016.12.12 17:16:43.573,0.94543,0.9457,1.00,1.00
2016.12.12 17:16:43.674,0.94538,0.9457,1.50,1.00
2016.12.12 17:16:45.785,0.94539,0.94569,1.00,1.00
2016.12.12 17:16:46.681,0.94542,0.94569,1.00,1.00
2016.12.12 17:16:47.284,0.94541,0.94567,1.00,1.00
2016.12.12 17:16:48.161,0.94543,0.94569,1.00,1.00
2016.12.12 17:16:49.003,0.94544,0.94569,1.00,1.00
2016.12.12 17:16:49.344,0.94553,0.9457,1.00,1.00
2016.12.12 17:16:49.445,0.94548,0.9457,1.00,1.00
2016.12.12 17:16:50.169,0.94548,0.94571,1.00,1.00
2016.12.12 17:16:54.423,0.94547,0.94571,1.00,1.00
2016.12.12 17:16:55.865,0.94547,0.94574,1.00,1.00
2016.12.12 17:16:56.041,0.94547,0.94571,1.00,1.00
2016.12.12 17:16:56.092,0.94547,0.94573,1.00,1.00
2016.12.12 17:16:56.812,0.94547,0.94575,1.00,1.50
2016.12.12 17:16:57.017,0.94547,0.94572,1.00,1.00
2016.12.12 17:16:58.023,0.94547,0.94573,1.00,1.00
2016.12.12 17:16:58.837,0.94545,0.94573,1.00,1.00
2016.12.12 17:16:58.894,0.94543,0.94571,1.50,1.00
2016.12.12 17:16:59.263,0.94545,0.94573,1.00,1.50
2016.12.12 17:16:59.836,0.94545,0.94572,1.00,1.00
2016.12.12 17:17:00.879,0.94545,0.94573,1.00,1.50
2016.12.12 17:17:01.184,0.94547,0.94573,1.00,1.50
2016.12.12 17:17:01.335,0.94543,0.94573,1.00,2.25
2016.12.12 17:17:02.208,0.94543,0.94571,1.00,1.00
2016.12.12 17:17:02.309,0.94544,0.94573,1.00,1.50
2016.12.12 17:17:02.359,0.94543,0.94571,1.00,1.00
2016.12.12 17:17:02.666,0.94542,0.94568,1.00,1.00
2016.12.12 17:17:02.767,0.94543,0.94572,1.00,1.00
2016.12.12 17:17:02.867,0.94547,0.94572,1.00,1.00
2016.12.12 17:17:03.025,0.94548,0.94575,1.00,1.00
2016.12.12 17:17:03.387,0.94545,0.94574,1.00,1.00
2016.12.12 17:17:03.488,0.94547,0.94574,1.00,1.00
2016.12.12 17:17:04.287,0.94547,0.94573,1.00,1.00
2016.12.12 17:17:04.542,0.94545,0.94573,1.00,1.00
2016.12.12 17:17:04.643,0.94547,0.94573,1.00,1.00
2016.12.12 17:17:04.697,0.94547,0.94575,1.50,1.00
2016.12.12 17:17:05.868,0.94547,0.94574,1.50,1.00
2016.12.12 17:17:05.969,0.94553,0.94574,1.00,1.00
2016.12.12 17:17:06.019,0.94553,0.94576,1.00,1.35
2016.12.12 17:17:06.082,0.94553,0.94574,1.00,1.00
2016.12.12 17:17:06.220,0.94553,0.94576,1.00,1.35
2016.12.12 17:17:06.832,0.94553,0.9458,1.00,1.50
2016.12.12 17:17:07.122,0.94549,0.94579,1.50,1.35
2016.12.12 17:17:07.173,0.94552,0.94579,1.00,1.35
2016.12.12 17:17:07.870,0.94553,0.94576,1.00,1.00
2016.12.12 17:17:09.565,0.94549,0.94576,1.00,1.00
2016.12.12 17:17:09.707,0.94547,0.94575,1.00,1.00
2016.12.12 17:17:09.758,0.94547,0.94573,1.00,1.00
2016.12.12 17:17:10.594,0.94547,0.94575,1.00,1.00
2016.12.12 17:17:11.424,0.94547,0.94572,1.00,1.00
2016.12.12 17:17:11.988,0.94548,0.94573,1.00,1.00
2016.12.12 17:17:12.161,0.94546,0.94573,1.00,1.00
2016.12.12 17:17:12.339,0.94544,0.94571,1.00,1.00
2016.12.12 17:17:13.520,0.94543,0.94572,2.25,1.00
2016.12.12 17:17:14.214,0.94544,0.94571,1.00,1.00
2016.12.12 17:17:14.875,0.94545,0.94572,1.00,1.00
2016.12.12 17:17:17.056,0.94546,0.94572,1.00,1.00
2016.12.12 17:17:17.451,0.94549,0.94574,1.00,1.00
2016.12.12 17:17:18.266,0.94553,0.94574,1.00,1.00
2016.12.12 17:17:18.369,0.94553,0.94577,1.00,1.00
2016.12.12 17:17:18.470,0.94551,0.94577,1.00,1.00
2016.12.12 17:17:18.521,0.9455,0.94575,1.00,1.00
2016.12.12 17:17:18.571,0.94548,0.94575,1.00,1.00
2016.12.12 17:17:18.888,0.94552,0.94575,1.00,1.00
2016.12.12 17:17:19.675,0.94552,0.94574,1.00,1.00
2016.12.12 17:17:19.883,0.94548,0.94573,1.00,1.00
2016.12.12 17:17:22.053,0.94549,0.94575,1.00,1.00
2016.12.12 17:17:22.411,0.94548,0.94572,1.00,1.00
2016.12.12 17:17:22.512,0.94548,0.94574,1.00,1.00
2016.12.12 17:17:22.613,0.94546,0.94574,1.00,1.00
2016.12.12 17:17:22.664,0.94549,0.94575,1.00,1.00
2016.12.12 17:17:23.190,0.94553,0.94575,1.00,1.00
2016.12.12 17:17:23.520,0.94557,0.94575,1.00,1.00
2016.12.12 17:17:23.900,0.94557,0.94578,1.00,1.50
2016.12.12 17:17:24.432,0.94557,0.94581,1.00,1.00
2016.12.12 17:17:25.256,0.94557,0.94582,1.00,1.00
2016.12.12 17:17:25.567,0.94557,0.9458,1.00,1.00
2016.12.12 17:17:25.728,0.94557,0.94582,1.00,1.00
2016.12.12 17:17:26.403,0.94563,0.94582,1.00,1.00
2016.12.12 17:17:26.479,0.94554,0.94582,1.00,1.50
2016.12.12 17:17:27.221,0.94556,0.94582,1.00,1.50
2016.12.12 17:17:27.862,0.94558,0.94582,1.00,1.00
2016.12.12 17:17:27.912,0.94558,0.94585,1.00,1.00
2016.12.12 17:17:28.151,0.94557,0.94582,1.00,1.00
2016.12.12 17:17:28.202,0.94557,0.94584,1.00,1.00
2016.12.12 17:17:28.795,0.94562,0.94584,1.00,1.00
2016.12.12 17:17:28.911,0.94558,0.94584,1.00,1.00
2016.12.12 17:17:29.434,0.94558,0.94586,1.00,1.00
2016.12.12 17:17:29.946,0.94558,0.94584,1.00,1.00
2016.12.12 17:17:30.097,0.94555,0.94582,1.00,1.00
2016.12.12 17:17:30.969,0.94556,0.94582,1.00,1.00
2016.12.12 17:17:31.517,0.94557,0.94586,1.00,1.00
2016.12.12 17:17:32.040,0.94558,0.94587,1.00,1.00
2016.12.12 17:17:32.567,0.94559,0.94587,1.00,1.00
2016.12.12 17:17:34.199,0.9456,0.94587,1.00,1.50
2016.12.12 17:17:37.324,0.94559,0.94586,1.00,1.00
2016.12.12 17:17:37.870,0.9456,0.94587,1.00,1.50
2016.12.12 17:17:39.999,0.94556,0.94583,1.00,1.00
2016.12.12 17:17:40.323,0.94556,0.94581,1.00,1.00
2016.12.12 17:17:40.771,0.94558,0.94579,1.00,1.00
2016.12.12 17:17:40.972,0.94554,0.94579,1.00,1.00
2016.12.12 17:17:41.073,0.94554,0.94582,1.00,1.50
2016.12.12 17:17:41.646,0.94553,0.94582,1.50,1.50
2016.12.12 17:17:42.300,0.94554,0.94581,1.00,1.00
2016.12.12 17:17:43.654,0.94556,0.94582,1.00,1.00
2016.12.12 17:17:43.958,0.94558,0.94583,1.00,1.00
2016.12.12 17:17:44.288,0.94553,0.94577,1.00,1.00
2016.12.12 17:17:44.539,0.94558,0.94583,1.00,1.00
2016.12.12 17:17:45.057,0.94558,0.94582,1.00,1.00
2016.12.12 17:17:45.658,0.94558,0.94584,1.00,1.00
2016.12.12 17:17:46.090,0.94554,0.94582,1.00,1.00
2016.12.12 17:17:46.908,0.94556,0.94582,1.00,1.50
2016.12.12 17:17:47.344,0.94558,0.94582,1.00,1.00
2016.12.12 17:17:48.301,0.94557,0.94582,1.00,1.00
2016.12.12 17:17:48.960,0.94557,0.94583,1.00,1.00
2016.12.12 17:17:53.424,0.94559,0.94583,1.00,1.00
2016.12.12 17:17:53.685,0.94561,0.9459,1.00,1.00
2016.12.12 17:17:53.937,0.94559,0.94589,1.00,1.00
2016.12.12 17:17:54.511,0.94561,0.94589,1.00,1.00
2016.12.12 17:17:57.362,0.94561,0.94588,1.00,1.00
2016.12.12 17:17:58.180,0.94563,0.94588,1.00,1.00
2016.12.12 17:17:58.714,0.94561,0.94587,1.00,1.00
2016.12.12 17:17:59.478,0.94561,0.94588,1.00,1.00
2016.12.12 17:17:59.578,0.94563,0.94592,1.00,1.50
2016.12.12 17:17:59.679,0.94561,0.9459,1.00,1.00
2016.12.12 17:17:59.981,0.94565,0.94593,1.00,1.50
2016.12.12 17:18:00.670,0.94565,0.94592,1.00,1.00
2016.12.12 17:18:01.000,0.94568,0.94592,1.00,1.00
2016.12.12 17:18:01.303,0.94564,0.94591,1.00,1.00
2016.12.12 17:18:01.504,0.94566,0.94592,1.00,1.00
2016.12.12 17:18:01.896,0.94568,0.94593,1.00,1.00
2016.12.12 17:18:03.205,0.94568,0.94594,1.00,1.00
2016.12.12 17:18:03.874,0.94567,0.94593,1.00,1.00
2016.12.12 17:18:04.382,0.9457,0.94592,1.00,1.00
2016.12.12 17:18:05.277,0.94573,0.94595,1.00,1.00
2016.12.12 17:18:06.001,0.94571,0.94596,1.00,1.00
2016.12.12 17:18:06.102,0.94574,0.94597,1.00,1.00
2016.12.12 17:18:06.404,0.94581,0.94606,1.00,1.00
2016.12.12 17:18:09.170,0.9458,0.94605,1.00,1.00
2016.12.12 17:18:09.271,0.94578,0.94604,2.10,1.00
2016.12.12 17:18:09.371,0.94584,0.94607,1.00,1.00
2016.12.12 17:18:09.422,0.94585,0.94611,1.00,1.50
2016.12.12 17:18:09.472,0.94582,0.94607,1.00,1.00
2016.12.12 17:18:09.760,0.94581,0.9461,1.00,1.00
2016.12.12 17:18:10.023,0.94581,0.94607,1.60,1.00
2016.12.12 17:18:10.124,0.94581,0.94612,1.60,1.00
2016.12.12 17:18:10.225,0.94579,0.94609,2.85,1.00
2016.12.12 17:18:10.828,0.94579,0.94608,2.85,1.00
2016.12.12 17:18:10.929,0.94582,0.94611,1.35,1.00
2016.12.12 17:18:11.030,0.94579,0.94608,1.60,1.00
2016.12.12 17:18:11.552,0.94579,0.94607,1.00,1.00
2016.12.12 17:18:11.935,0.94582,0.94607,1.00,1.00
2016.12.12 17:18:13.989,0.9458,0.94607,1.00,1.00
2016.12.12 17:18:14.196,0.94583,0.94607,1.00,1.00
2016.12.12 17:18:14.399,0.94586,0.94614,1.00,1.50
2016.12.12 17:18:14.501,0.94588,0.94614,1.00,1.00
2016.12.12 17:18:14.927,0.94593,0.94614,1.00,1.00
2016.12.12 17:18:15.174,0.94593,0.94616,1.00,1.00
2016.12.12 17:18:15.225,0.94593,0.94614,1.00,1.00
2016.12.12 17:18:15.376,0.94593,0.94616,1.00,1.00
2016.12.12 17:18:19.084,0.94593,0.94617,1.00,1.00
2016.12.12 17:18:19.235,0.94593,0.94619,1.00,1.00
2016.12.12 17:18:19.494,0.94592,0.94621,1.50,1.00
2016.12.12 17:18:20.020,0.94593,0.94621,1.00,1.00
2016.12.12 17:18:20.224,0.94593,0.94619,1.50,1.00
2016.12.12 17:18:20.760,0.94594,0.94618,1.00,1.00
2016.12.12 17:18:21.420,0.94593,0.94618,1.00,1.00
2016.12.12 17:18:22.048,0.9459,0.94618,1.00,1.00
2016.12.12 17:18:22.588,0.94593,0.94619,1.00,1.00
2016.12.12 17:18:22.881,0.94593,0.94621,1.50,1.00
2016.12.12 17:18:22.982,0.94595,0.94621,1.00,1.00
2016.12.12 17:18:23.032,0.94598,0.94625,1.00,1.00
2016.12.12 17:18:23.334,0.94602,0.94627,1.00,1.00
2016.12.12 17:18:23.974,0.94599,0.94625,1.00,1.00
2016.12.12 17:18:24.963,0.94601,0.94627,1.00,1.50
2016.12.12 17:18:25.308,0.94603,0.94631,1.00,1.00
2016.12.12 17:18:25.573,0.94602,0.94628,1.00,1.00
2016.12.12 17:18:25.755,0.946,0.94628,1.00,1.00
2016.12.12 17:18:26.260,0.946,0.94626,1.00,1.00
2016.12.12 17:18:26.411,0.94598,0.94626,1.00,1.00
2016.12.12 17:18:30.467,0.94598,0.94625,1.50,1.00
2016.12.12 17:18:31.159,0.94598,0.94621,1.00,1.00
2016.12.12 17:18:31.209,0.94598,0.94625,1.00,1.00
2016.12.12 17:18:31.378,0.94599,0.94627,1.00,1.50
2016.12.12 17:18:31.479,0.94598,0.94623,1.00,1.00
2016.12.12 17:18:31.985,0.94598,0.94624,1.00,1.00
2016.12.12 17:18:32.195,0.94596,0.94624,1.00,1.00
2016.12.12 17:18:32.976,0.94596,0.94622,1.00,1.00
2016.12.12 17:18:33.077,0.94592,0.94622,1.00,1.50
2016.12.12 17:18:33.228,0.94589,0.94615,1.00,1.00
2016.12.12 17:18:33.821,0.9459,0.94616,1.00,1.00
2016.12.12 17:18:34.458,0.94591,0.94616,1.00,1.00
2016.12.12 17:18:34.823,0.94593,0.94617,1.00,1.00
2016.12.12 17:18:35.216,0.94593,0.94619,1.50,1.00
2016.12.12 17:18:35.526,0.94591,0.94616,1.00,1.00
2016.12.12 17:18:35.626,0.94592,0.94618,1.00,1.00
2016.12.12 17:18:35.677,0.94593,0.9462,1.00,1.00
2016.12.12 17:18:35.728,0.94591,0.94619,1.00,1.00
2016.12.12 17:18:35.942,0.94593,0.94621,1.00,1.00
2016.12.12 17:18:35.993,0.94594,0.94623,1.00,1.00
2016.12.12 17:18:36.043,0.94596,0.94624,1.00,1.00
2016.12.12 17:18:36.378,0.94594,0.9462,1.00,1.00
2016.12.12 17:18:36.707,0.94593,0.94618,1.00,1.00
2016.12.12 17:18:37.121,0.94592,0.94616,1.50,1.00
2016.12.12 17:18:37.745,0.94593,0.94616,1.00,1.00
2016.12.12 17:18:38.709,0.94594,0.94618,1.00,1.00
2016.12.12 17:18:39.048,0.94593,0.94616,1.00,1.00
2016.12.12 17:18:40.691,0.94593,0.94618,1.00,1.00
2016.12.12 17:18:43.001,0.94593,0.94611,1.00,1.00
2016.12.12 17:18:43.102,0.94573,0.94599,2.25,1.00
2016.12.12 17:18:43.202,0.94573,0.94602,2.25,1.35
2016.12.12 17:18:43.253,0.94573,0.94602,1.50,1.35
2016.12.12 17:18:43.537,0.94569,0.946,1.00,1.00
2016.12.12 17:18:43.683,0.94572,0.946,1.00,1.00
2016.12.12 17:18:44.003,0.94572,0.94597,1.00,1.00
2016.12.12 17:18:44.680,0.94573,0.94597,1.00,1.00
2016.12.12 17:18:45.259,0.94572,0.94597,1.00,1.00
2016.12.12 17:18:47.558,0.94572,0.94599,1.00,1.00
2016.12.12 17:18:47.724,0.94572,0.94596,1.00,1.00
2016.12.12 17:18:47.875,0.94568,0.94593,1.00,1.00
2016.12.12 17:18:48.578,0.94568,0.94592,1.00,1.00
2016.12.12 17:18:49.309,0.94567,0.94592,1.00,1.00
2016.12.12 17:18:49.828,0.94568,0.94592,1.00,1.00
2016.12.12 17:18:50.293,0.94567,0.94594,1.00,1.00
2016.12.12 17:18:50.490,0.94565,0.94594,1.00,1.00
2016.12.12 17:18:50.869,0.94568,0.94594,1.00,1.00
2016.12.12 17:18:51.331,0.94568,0.94592,1.50,1.00
2016.12.12 17:18:52.869,0.94568,0.94594,1.00,1.00
2016.12.12 17:18:56.676,0.94566,0.94591,1.00,1.00
2016.12.12 17:18:57.285,0.94565,0.94591,1.00,1.00
2016.12.12 17:18:58.309,0.94567,0.94589,1.00,1.00
2016.12.12 17:18:58.851,0.94567,0.9459,1.00,1.00
2016.12.12 17:18:59.180,0.94567,0.94588,1.00,1.00
2016.12.12 17:18:59.231,0.94564,0.94588,1.00,1.00
2016.12.12 17:18:59.432,0.94566,0.94592,1.00,1.00
2016.12.12 17:18:59.579,0.9457,0.94594,1.00,1.00
2016.12.12 17:19:00.004,0.94573,0.94595,1.00,1.00
2016.12.12 17:19:00.334,0.9457,0.94595,1.00,1.00
2016.12.12 17:19:01.012,0.94572,0.94595,1.00,1.00
2016.12.12 17:19:01.603,0.94572,0.94596,1.50,1.00
2016.12.12 17:19:02.579,0.94572,0.94598,1.00,1.35
2016.12.12 17:19:03.633,0.94573,0.94598,1.00,1.35
2016.12.12 17:19:04.535,0.9457,0.94594,1.00,1.00
2016.12.12 17:19:05.074,0.94568,0.94594,1.00,1.00
2016.12.12 17:19:05.589,0.94568,0.94593,1.00,1.00
2016.12.12 17:19:05.708,0.94568,0.94591,1.00,1.00
2016.12.12 17:19:06.225,0.94568,0.94592,1.50,1.00
2016.12.12 17:19:06.326,0.9457,0.94596,1.00,1.00
2016.12.12 17:19:06.707,0.94572,0.94596,1.00,1.00
2016.12.12 17:19:07.313,0.94572,0.94597,1.00,1.00
2016.12.12 17:19:08.342,0.94573,0.94599,1.00,1.00
2016.12.12 17:19:08.626,0.9457,0.94594,1.00,1.00
2016.12.12 17:19:08.952,0.94568,0.94592,1.00,1.00
2016.12.12 17:19:09.220,0.9457,0.94596,1.00,1.00
2016.12.12 17:19:09.561,0.94569,0.94594,1.00,1.00
2016.12.12 17:19:09.914,0.94573,0.94594,1.00,1.00
2016.12.12 17:19:11.988,0.94573,0.94595,1.00,1.00
2016.12.12 17:19:12.039,0.94567,0.94591,1.00,1.00
2016.12.12 17:19:12.158,0.94565,0.9459,1.00,1.00
2016.12.12 17:19:13.276,0.94564,0.9459,1.00,1.00
2016.12.12 17:19:13.792,0.94564,0.94589,1.00,1.00
2016.12.12 17:19:13.893,0.94562,0.94586,1.00,1.00
2016.12.12 17:19:14.419,0.94562,0.94587,1.00,1.00
2016.12.12 17:19:15.087,0.94562,0.94589,1.00,1.00
2016.12.12 17:19:15.906,0.94565,0.9459,1.00,1.00
2016.12.12 17:19:17.585,0.94566,0.9459,1.00,1.00
2016.12.12 17:19:18.891,0.94564,0.94588,1.00,1.00
2016.12.12 17:19:19.868,0.94566,0.9459,1.00,1.00
2016.12.12 17:19:20.473,0.94563,0.94586,1.00,1.00
2016.12.12 17:19:21.137,0.94562,0.94586,1.00,1.00
2016.12.12 17:19:22.969,0.94563,0.94586,1.00,1.00
2016.12.12 17:19:23.279,0.94561,0.94585,1.00,1.00
2016.12.12 17:19:23.544,0.94563,0.94587,1.00,1.00
2016.12.12 17:19:24.434,0.94561,0.94585,1.00,1.00
2016.12.12 17:19:24.823,0.94563,0.94587,1.00,1.00
2016.12.12 17:19:25.825,0.94561,0.94587,1.00,1.50
2016.12.12 17:19:26.336,0.94562,0.94587,1.00,1.00
2016.12.12 17:19:27.007,0.94563,0.94587,1.00,1.00
2016.12.12 17:19:27.953,0.94565,0.94589,1.00,1.00
2016.12.12 17:19:28.267,0.94563,0.94586,1.00,1.00
2016.12.12 17:19:28.368,0.94555,0.94581,1.00,1.35
2016.12.12 17:19:28.418,0.94554,0.94579,1.00,1.00
2016.12.12 17:19:28.720,0.94557,0.94581,1.00,1.35
2016.12.12 17:19:29.128,0.94552,0.94575,1.00,1.00
2016.12.12 17:19:29.496,0.94554,0.94577,1.00,1.00
2016.12.12 17:19:29.848,0.94553,0.9458,1.00,1.00
2016.12.12 17:19:31.109,0.94553,0.94577,1.00,1.00
2016.12.12 17:19:31.498,0.94554,0.94579,1.00,1.00
2016.12.12 17:19:32.480,0.94555,0.9458,1.00,1.00
2016.12.12 17:19:32.615,0.94557,0.9458,1.00,1.00
2016.12.12 17:19:33.618,0.94556,0.94579,1.00,1.00
2016.12.12 17:19:33.924,0.94556,0.94581,1.00,1.00
2016.12.12 17:19:34.237,0.94556,0.94579,1.00,1.00
2016.12.12 17:19:35.690,0.94555,0.94581,1.00,1.00
2016.12.12 17:19:38.377,0.94557,0.9458,1.00,1.00
2016.12.12 17:19:39.519,0.94557,0.94581,1.00,1.00
2016.12.12 17:19:43.389,0.94557,0.94582,1.00,1.00
2016.12.12 17:19:44.431,0.94556,0.9458,1.00,1.00
2016.12.12 17:19:45.488,0.94557,0.9458,1.00,1.00
2016.12.12 17:19:45.932,0.94559,0.94582,1.00,1.00
2016.12.12 17:19:46.235,0.94561,0.94584,1.00,1.00
2016.12.12 17:19:46.537,0.94558,0.94581,1.50,1.00
2016.12.12 17:19:47.210,0.94554,0.94579,1.00,1.00
2016.12.12 17:19:48.025,0.94553,0.94579,1.00,1.00
2016.12.12 17:19:48.554,0.94553,0.9458,1.50,1.00
2016.12.12 17:19:48.803,0.94553,0.94578,1.00,1.00
2016.12.12 17:19:49.413,0.94553,0.94579,1.00,1.00
2016.12.12 17:19:49.973,0.94553,0.94577,1.00,1.00
2016.12.12 17:19:50.626,0.94555,0.94577,1.00,1.00
2016.12.12 17:19:50.683,0.9455,0.94575,1.00,1.00
2016.12.12 17:19:50.834,0.94553,0.94577,1.00,1.50
2016.12.12 17:19:51.136,0.94551,0.94575,1.00,1.00
2016.12.12 17:19:51.548,0.94554,0.94577,1.00,1.00
2016.12.12 17:19:52.128,0.94551,0.94575,1.00,1.00
2016.12.12 17:19:52.179,0.94552,0.94577,1.00,1.00
2016.12.12 17:19:52.431,0.94556,0.94579,1.00,1.00
2016.12.12 17:19:52.839,0.94554,0.94578,1.00,1.00
2016.12.12 17:19:53.082,0.94553,0.94576,1.00,1.00
2016.12.12 17:19:53.520,0.94551,0.94575,1.00,1.00
2016.12.12 17:20:02.182,0.94551,0.94574,1.00,1.00
2016.12.12 17:20:02.696,0.94552,0.94574,1.00,1.00
2016.12.12 17:20:02.747,0.94553,0.94576,1.00,1.00
2016.12.12 17:20:02.998,0.94554,0.94578,1.00,1.00
2016.12.12 17:20:04.300,0.94555,0.9458,1.00,1.00
2016.12.12 17:20:04.462,0.94557,0.94581,1.00,1.00
2016.12.12 17:20:06.574,0.94556,0.94579,1.00,1.00
2016.12.12 17:20:12.359,0.94556,0.94582,1.00,1.00
2016.12.12 17:20:12.460,0.94554,0.9458,1.00,1.00
2016.12.12 17:20:12.779,0.9455,0.94573,1.00,1.00
2016.12.12 17:20:13.132,0.94553,0.94573,1.00,1.00
2016.12.12 17:20:13.871,0.94553,0.94574,1.00,1.00
2016.12.12 17:20:13.949,0.94553,0.94576,1.00,1.00
2016.12.12 17:20:14.911,0.94551,0.94576,1.00,1.00
2016.12.12 17:20:15.501,0.94552,0.94576,1.00,1.00
2016.12.12 17:20:17.114,0.94551,0.94576,1.00,1.00
2016.12.12 17:20:17.750,0.94551,0.94575,1.00,1.00
2016.12.12 17:20:24.554,0.94548,0.94573,1.50,1.00
2016.12.12 17:20:24.705,0.94547,0.94571,1.00,1.00
2016.12.12 17:20:26.040,0.94547,0.94573,1.00,1.00
2016.12.12 17:20:27.908,0.94548,0.94571,1.00,1.00
2016.12.12 17:20:29.004,0.94547,0.9457,1.00,1.00
2016.12.12 17:20:32.333,0.94546,0.9457,1.00,1.00
2016.12.12 17:20:33.058,0.94548,0.9457,1.00,1.00
2016.12.12 17:20:34.338,0.94547,0.9457,1.00,1.00
2016.12.12 17:20:36.668,0.94548,0.9457,1.00,1.00
2016.12.12 17:20:37.278,0.94548,0.94572,1.00,1.00
2016.12.12 17:20:38.280,0.94548,0.94571,1.50,1.00
2016.12.12 17:20:42.437,0.94548,0.94569,1.00,1.00
2016.12.12 17:20:42.634,0.94546,0.94569,1.00,1.00
2016.12.12 17:20:43.508,0.94546,0.9457,1.00,1.00
2016.12.12 17:20:44.731,0.94546,0.94571,1.00,1.00
2016.12.12 17:20:44.964,0.94548,0.94573,1.00,1.00
2016.12.12 17:20:45.543,0.94553,0.94573,1.00,1.00
2016.12.12 17:20:46.915,0.94553,0.94575,1.00,1.00
2016.12.12 17:20:48.547,0.94553,0.94576,1.00,1.00
2016.12.12 17:20:49.558,0.94554,0.94577,1.00,1.00
2016.12.12 17:20:51.332,0.94553,0.94576,1.00,1.00
2016.12.12 17:20:52.431,0.94547,0.94571,1.00,1.00
2016.12.12 17:20:53.183,0.94546,0.94571,1.00,1.00
2016.12.12 17:20:53.383,0.94548,0.94571,1.00,1.00
2016.12.12 17:20:53.816,0.94544,0.94567,1.00,1.00
2016.12.12 17:20:54.214,0.94543,0.94565,1.00,1.00
2016.12.12 17:20:54.768,0.94542,0.94565,1.00,1.00
2016.12.12 17:20:56.465,0.94543,0.94567,1.00,1.50
2016.12.12 17:20:56.873,0.94544,0.9457,1.00,1.00
2016.12.12 17:20:57.903,0.94546,0.9457,1.00,1.00
2016.12.12 17:21:00.535,0.94547,0.9457,1.00,1.00
2016.12.12 17:21:01.493,0.94547,0.94571,1.00,1.00
2016.12.12 17:21:02.760,0.94542,0.94571,1.50,1.00
2016.12.12 17:21:02.810,0.94547,0.94571,1.00,1.00
2016.12.12 17:21:03.112,0.94544,0.94568,1.00,1.00
2016.12.12 17:21:03.278,0.94544,0.9457,1.00,1.00
2016.12.12 17:21:03.825,0.94546,0.9457,1.00,1.00
2016.12.12 17:21:04.353,0.94547,0.94571,1.00,1.00
2016.12.12 17:21:06.026,0.94548,0.94571,1.00,1.00
2016.12.12 17:21:06.243,0.94551,0.94576,1.00,1.00
2016.12.12 17:21:06.633,0.94548,0.94574,1.00,1.00
2016.12.12 17:21:06.734,0.94548,0.94572,1.00,1.00
2016.12.12 17:21:07.595,0.94547,0.9457,1.50,1.00
2016.12.12 17:21:08.225,0.94547,0.94572,1.50,1.00
2016.12.12 17:21:08.670,0.94549,0.94572,1.00,1.00
2016.12.12 17:21:10.205,0.94548,0.94571,1.00,1.00
2016.12.12 17:21:10.815,0.94548,0.94572,1.00,1.00
2016.12.12 17:21:12.106,0.94547,0.94568,1.00,1.00
2016.12.12 17:21:12.206,0.94542,0.94568,1.50,1.00
2016.12.12 17:21:12.571,0.94544,0.94569,1.00,1.00
2016.12.12 17:21:14.538,0.94548,0.94571,1.00,1.00
2016.12.12 17:21:15.045,0.9455,0.94573,1.00,1.00
2016.12.12 17:21:15.297,0.9455,0.94576,1.00,1.00
2016.12.12 17:21:15.498,0.94553,0.94577,1.00,1.00
2016.12.12 17:21:15.672,0.94553,0.94579,1.00,1.00
2016.12.12 17:21:18.374,0.94554,0.9458,1.00,1.00
2016.12.12 17:21:18.578,0.94557,0.94581,1.00,1.00
2016.12.12 17:21:19.303,0.94558,0.94581,1.00,1.00
2016.12.12 17:21:19.912,0.94558,0.9458,1.00,1.00
2016.12.12 17:21:20.079,0.94558,0.94582,1.00,1.00
2016.12.12 17:21:20.425,0.94559,0.94585,1.00,1.00
2016.12.12 17:21:20.741,0.94562,0.94586,1.00,1.00
2016.12.12 17:21:21.103,0.9456,0.94587,1.00,1.50
2016.12.12 17:21:21.154,0.94562,0.94587,1.00,1.00
2016.12.12 17:21:21.206,0.9456,0.94587,1.00,1.00
2016.12.12 17:21:21.844,0.94561,0.94587,1.00,1.00
2016.12.12 17:21:22.759,0.94566,0.94589,1.00,1.00
2016.12.12 17:21:22.809,0.94566,0.94591,1.00,1.00
2016.12.12 17:21:23.762,0.94565,0.94591,1.00,1.00
2016.12.12 17:21:25.970,0.94566,0.94591,1.00,1.00
2016.12.12 17:21:26.290,0.94569,0.94595,1.00,1.00
2016.12.12 17:21:26.615,0.94569,0.94593,1.00,1.00
2016.12.12 17:21:26.860,0.94569,0.94595,1.00,1.00
2016.12.12 17:21:26.910,0.94569,0.94593,1.00,1.00
2016.12.12 17:21:27.590,0.9457,0.94594,1.00,1.00
2016.12.12 17:21:29.100,0.94571,0.94595,1.00,1.00
2016.12.12 17:21:29.445,0.94573,0.94596,1.00,1.00
2016.12.12 17:21:30.061,0.94571,0.94596,1.00,1.00
2016.12.12 17:21:30.481,0.9457,0.94594,1.00,1.00
2016.12.12 17:21:31.498,0.94571,0.94596,1.00,1.00
2016.12.12 17:21:31.549,0.94568,0.94594,1.00,1.00
2016.12.12 17:21:31.599,0.94571,0.94596,1.00,1.00
2016.12.12 17:21:32.245,0.94573,0.94596,1.00,1.00
2016.12.12 17:21:32.451,0.94569,0.94595,1.00,1.00
2016.12.12 17:21:32.975,0.94569,0.94593,1.00,1.00
2016.12.12 17:21:33.577,0.94568,0.94592,1.00,1.00
2016.12.12 17:21:34.113,0.94569,0.94592,1.00,1.00
2016.12.12 17:21:34.984,0.9457,0.94593,1.00,1.00
2016.12.12 17:21:35.300,0.94572,0.94595,1.00,1.00
2016.12.12 17:21:36.066,0.9457,0.94593,1.00,1.00
2016.12.12 17:21:36.267,0.9457,0.94596,1.00,1.00
2016.12.12 17:21:36.532,0.94573,0.94596,1.00,1.00
2016.12.12 17:21:36.935,0.94569,0.94596,1.00,1.00
2016.12.12 17:21:37.185,0.94572,0.94597,1.00,1.00
2016.12.12 17:21:37.734,0.94573,0.94596,1.50,1.00
2016.12.12 17:21:38.041,0.94575,0.94598,1.00,1.00
2016.12.12 17:21:38.091,0.94573,0.94599,1.00,1.00
2016.12.12 17:21:38.364,0.94578,0.94603,1.00,1.00
2016.12.12 17:21:38.674,0.94574,0.94599,1.00,1.00
2016.12.12 17:21:39.184,0.94572,0.94597,1.00,1.00
2016.12.12 17:21:39.583,0.9457,0.94595,1.00,1.00
2016.12.12 17:21:39.683,0.94571,0.94597,1.00,1.50
2016.12.12 17:21:40.196,0.94571,0.94598,1.00,1.00
2016.12.12 17:21:40.247,0.94574,0.94599,1.00,1.00
2016.12.12 17:21:42.209,0.94576,0.94601,1.00,1.00
2016.12.12 17:21:42.635,0.94575,0.94599,1.00,1.00
2016.12.12 17:21:42.746,0.94573,0.94599,1.00,1.00
2016.12.12 17:21:42.797,0.94574,0.94601,1.00,1.00
2016.12.12 17:21:44.128,0.94575,0.94602,1.00,1.00
2016.12.12 17:21:45.088,0.94573,0.946,1.50,1.00
2016.12.12 17:21:45.441,0.94575,0.946,1.00,1.00
2016.12.12 17:21:45.693,0.94576,0.94602,1.00,1.00
2016.12.12 17:21:46.002,0.94574,0.94601,1.00,1.00
2016.12.12 17:21:46.313,0.94574,0.94599,1.00,1.00
2016.12.12 17:21:46.794,0.94574,0.94601,1.00,1.00
2016.12.12 17:21:47.365,0.94575,0.94602,1.00,1.00
2016.12.12 17:21:47.889,0.94575,0.946,1.00,1.00
2016.12.12 17:21:48.354,0.94573,0.946,1.50,1.00
2016.12.12 17:21:48.404,0.94573,0.94597,1.00,1.00
2016.12.12 17:21:48.505,0.94572,0.94599,1.00,1.00
2016.12.12 17:21:49.386,0.94573,0.946,1.00,1.00
2016.12.12 17:21:49.437,0.94576,0.946,1.00,1.00
2016.12.12 17:21:50.057,0.94577,0.94603,1.00,1.00
2016.12.12 17:21:50.108,0.94578,0.94605,1.00,1.00
2016.12.12 17:21:50.511,0.94576,0.94603,1.00,1.00
2016.12.12 17:21:50.854,0.94575,0.946,1.00,1.00
2016.12.12 17:21:53.479,0.94578,0.94601,1.00,1.00
