2016.12.09 10:00:00.020,0.94647,0.94672,1.00,1.00
2016.12.09 10:00:00.121,0.9465,0.94677,1.00,1.00
2016.12.09 10:00:01.025,0.94651,0.94677,1.00,1.00
2016.12.09 10:00:01.937,0.94651,0.94678,1.00,1.00
2016.12.09 10:00:02.493,0.94652,0.94677,1.00,1.00
2016.12.09 10:00:05.144,0.94653,0.94677,1.00,1.00
2016.12.09 10:00:06.138,0.94655,0.94677,1.00,1.00
2016.12.09 10:00:07.189,0.94656,0.94677,1.00,1.00
2016.12.09 10:00:08.705,0.94654,0.94677,1.00,1.00
2016.12.09 10:00:09.532,0.94656,0.94677,1.00,1.00
2016.12.09 10:00:09.853,0.9466,0.94683,1.00,1.00
2016.12.09 10:00:09.903,0.94662,0.94683,1.00,1.00
2016.12.09 10:00:10.089,0.94658,0.94682,1.00,1.00
2016.12.09 10:00:10.545,0.94663,0.94686,1.00,1.00
2016.12.09 10:00:13.840,0.94663,0.94687,1.00,1.00
2016.12.09 10:00:13.891,0.94657,0.94682,1.00,1.00
2016.12.09 10:00:13.942,0.94655,0.94679,1.00,1.00
2016.12.09 10:00:14.510,0.94655,0.94677,1.00,1.00
2016.12.09 10:00:14.902,0.94653,0.94677,1.00,1.00
2016.12.09 10:00:15.500,0.94653,0.94678,1.00,1.00
2016.12.09 10:00:16.053,0.94653,0.94677,1.00,1.00
2016.12.09 10:00:16.602,0.94653,0.94676,1.00,1.00
2016.12.09 10:00:17.307,0.94654,0.94677,1.00,1.00
2016.12.09 10:00:18.092,0.94653,0.94676,1.00,1.00
2016.12.09 10:00:18.143,0.94651,0.94675,1.00,1.00
2016.12.09 10:00:18.569,0.94653,0.94676,1.00,1.00
2016.12.09 10:00:19.047,0.94651,0.94675,1.00,1.00
2016.12.09 10:00:19.404,0.94651,0.94677,1.00,1.00
2016.12.09 10:00:19.955,0.94652,0.94677,1.00,1.00
2016.12.09 10:00:20.146,0.9465,0.94676,1.00,1.00
2016.12.09 10:00:20.197,0.94649,0.94673,1.00,1.00
2016.12.09 10:00:20.516,0.94648,0.94671,1.00,1.00
2016.12.09 10:00:21.357,0.94648,0.94668,1.00,1.00
2016.12.09 10:00:21.461,0.94646,0.94668,1.00,1.00
2016.12.09 10:00:21.938,0.94646,0.94671,1.00,1.00
2016.12.09 10:00:22.559,0.94646,0.94667,1.00,1.00
2016.12.09 10:00:24.362,0.94646,0.94671,1.00,1.00
2016.12.09 10:00:24.624,0.94646,0.94669,1.00,1.00
2016.12.09 10:00:24.675,0.94643,0.94668,1.00,1.50
2016.12.09 10:00:25.492,0.94643,0.94667,1.00,1.00
2016.12.09 10:00:26.685,0.94643,0.94663,1.00,1.00
2016.12.09 10:00:26.996,0.94645,0.94663,1.00,1.00
2016.12.09 10:00:27.518,0.94645,0.94668,1.00,1.00
2016.12.09 10:00:27.897,0.94646,0.94671,1.00,1.00
2016.12.09 10:00:28.838,0.94646,0.94669,1.00,1.00
2016.12.09 10:00:29.051,0.94648,0.94672,1.00,1.50
2016.12.09 10:00:29.772,0.94647,0.94672,1.00,1.00
2016.12.09 10:00:30.438,0.94648,0.94671,1.00,1.00
2016.12.09 10:00:32.923,0.94649,0.94673,1.00,1.00
2016.12.09 10:00:33.459,0.94649,0.94672,1.00,1.00
2016.12.09 10:00:33.977,0.94648,0.94671,1.00,1.00
2016.12.09 10:00:34.630,0.94651,0.94674,1.00,1.00
2016.12.09 10:00:34.684,0.94652,0.94676,1.00,1.00
2016.12.09 10:00:35.197,0.94652,0.94672,1.00,1.00
2016.12.09 10:00:36.967,0.94649,0.94672,1.00,1.00
2016.12.09 10:00:37.270,0.94647,0.94672,1.00,1.00
2016.12.09 10:00:37.775,0.94648,0.94673,1.00,1.00
2016.12.09 10:00:37.968,0.9465,0.94673,1.00,1.00
2016.12.09 10:00:38.486,0.9465,0.94672,1.00,1.00
2016.12.09 10:00:39.062,0.9465,0.94673,1.00,1.00
2016.12.09 10:00:39.574,0.94651,0.94672,1.00,1.00
2016.12.09 10:00:40.042,0.94649,0.94673,1.00,1.50
2016.12.09 10:00:41.005,0.94649,0.94672,1.00,1.00
2016.12.09 10:00:41.290,0.94649,0.94668,1.00,1.00
2016.12.09 10:00:41.390,0.94651,0.94673,1.00,1.00
2016.12.09 10:00:41.786,0.94653,0.94676,1.00,1.00
2016.12.09 10:00:42.363,0.94652,0.94675,1.00,1.00
2016.12.09 10:00:42.503,0.94652,0.94672,1.00,1.00
2016.12.09 10:00:43.733,0.94651,0.94672,1.00,1.00
2016.12.09 10:00:43.995,0.94652,0.94675,1.00,1.00
2016.12.09 10:00:44.835,0.94651,0.94675,1.00,1.00
2016.12.09 10:00:45.775,0.94651,0.94676,1.00,1.00
2016.12.09 10:00:46.897,0.94652,0.94677,1.00,1.50
2016.12.09 10:00:47.048,0.94652,0.94672,1.00,1.00
2016.12.09 10:00:47.539,0.94653,0.94677,1.00,1.00
2016.12.09 10:00:48.081,0.94653,0.94676,1.00,1.00
2016.12.09 10:00:49.405,0.94653,0.94673,1.00,1.00
2016.12.09 10:00:49.505,0.9465,0.94673,1.00,1.00
2016.12.09 10:00:49.556,0.94648,0.94672,1.00,1.00
2016.12.09 10:00:49.757,0.94648,0.9467,1.00,1.00
2016.12.09 10:00:49.808,0.94644,0.9467,1.00,1.00
2016.12.09 10:00:49.957,0.94643,0.94668,1.00,1.00
2016.12.09 10:00:50.986,0.94642,0.94665,1.00,1.00
2016.12.09 10:00:51.319,0.94642,0.94662,1.00,1.00
2016.12.09 10:00:51.484,0.9464,0.94663,1.00,1.00
2016.12.09 10:00:51.753,0.94638,0.94663,1.00,1.00
2016.12.09 10:00:51.985,0.9464,0.94663,1.00,1.50
2016.12.09 10:00:52.593,0.9464,0.94662,1.00,1.00
2016.12.09 10:00:52.644,0.94641,0.94665,1.00,1.00
2016.12.09 10:00:52.745,0.94639,0.94666,1.00,1.00
2016.12.09 10:00:53.278,0.9464,0.94666,1.00,1.00
2016.12.09 10:00:53.328,0.94643,0.94666,1.00,1.00
2016.12.09 10:00:53.413,0.9464,0.94667,1.00,1.00
2016.12.09 10:00:54.124,0.94642,0.94669,1.00,1.00
2016.12.09 10:00:54.577,0.94642,0.94667,1.00,1.00
2016.12.09 10:00:56.579,0.94641,0.94667,1.00,1.50
2016.12.09 10:01:00.120,0.9464,0.94666,1.00,1.00
2016.12.09 10:01:00.427,0.9464,0.94664,1.00,1.00
2016.12.09 10:01:01.441,0.94642,0.94665,1.00,1.00
2016.12.09 10:01:01.491,0.9464,0.94665,1.00,1.00
2016.12.09 10:01:02.051,0.94639,0.94664,1.00,1.00
2016.12.09 10:01:02.490,0.94641,0.94664,1.00,1.00
2016.12.09 10:01:04.091,0.94639,0.94662,1.00,1.00
2016.12.09 10:01:05.092,0.94639,0.94663,1.00,1.00
2016.12.09 10:01:07.943,0.9464,0.94665,1.00,1.00
2016.12.09 10:01:08.696,0.94641,0.94666,1.00,1.00
2016.12.09 10:01:09.071,0.94642,0.94668,1.00,1.50
2016.12.09 10:01:09.579,0.94642,0.94667,1.00,1.00
2016.12.09 10:01:10.345,0.94642,0.94666,1.00,1.00
2016.12.09 10:01:13.536,0.9464,0.94666,1.00,1.00
2016.12.09 10:01:13.792,0.94641,0.94664,1.00,1.00
2016.12.09 10:01:13.842,0.94648,0.94672,1.00,1.50
2016.12.09 10:01:14.698,0.94648,0.94673,1.00,1.00
2016.12.09 10:01:15.595,0.9465,0.94673,1.00,1.00
2016.12.09 10:01:15.871,0.94644,0.94671,1.00,1.00
2016.12.09 10:01:16.165,0.94643,0.94668,1.00,1.00
2016.12.09 10:01:16.618,0.94645,0.9467,1.00,1.00
2016.12.09 10:01:17.677,0.94645,0.94672,1.00,1.00
2016.12.09 10:01:17.727,0.94652,0.94673,1.00,1.00
2016.12.09 10:01:17.778,0.94654,0.94677,1.00,1.00
2016.12.09 10:01:17.879,0.94654,0.94679,1.00,1.00
2016.12.09 10:01:18.103,0.94655,0.94682,1.00,1.00
2016.12.09 10:01:19.065,0.94655,0.94681,1.00,1.00
2016.12.09 10:01:20.183,0.94655,0.94677,1.00,1.00
2016.12.09 10:01:20.926,0.94654,0.94677,1.00,1.00
2016.12.09 10:01:21.436,0.94655,0.94678,1.00,1.00
2016.12.09 10:01:21.761,0.94648,0.94679,1.00,1.00
2016.12.09 10:01:21.812,0.94647,0.94677,1.50,1.00
2016.12.09 10:01:22.131,0.94645,0.94669,1.00,1.00
2016.12.09 10:01:22.288,0.94643,0.94668,1.00,1.00
2016.12.09 10:01:23.006,0.94642,0.94667,1.00,1.00
2016.12.09 10:01:23.948,0.94637,0.94661,1.00,1.00
2016.12.09 10:01:24.263,0.9464,0.94662,1.00,1.00
2016.12.09 10:01:24.620,0.94641,0.94657,1.00,1.00
2016.12.09 10:01:25.558,0.94643,0.94657,1.00,1.00
2016.12.09 10:01:25.609,0.94643,0.94666,1.00,1.00
2016.12.09 10:01:26.012,0.94643,0.94663,1.00,1.00
2016.12.09 10:01:26.547,0.94643,0.94662,1.00,1.00
2016.12.09 10:01:26.598,0.94641,0.94662,1.00,1.00
2016.12.09 10:01:27.197,0.9464,0.94662,1.00,1.00
2016.12.09 10:01:27.797,0.9464,0.94665,1.00,1.00
2016.12.09 10:01:27.847,0.94642,0.94665,1.00,1.00
2016.12.09 10:01:28.270,0.94642,0.94662,1.00,1.00
2016.12.09 10:01:28.871,0.94642,0.94663,1.00,1.00
2016.12.09 10:01:30.737,0.94643,0.94663,1.00,1.00
2016.12.09 10:01:31.245,0.94643,0.94662,1.00,1.00
2016.12.09 10:01:31.974,0.94643,0.94663,1.00,1.00
2016.12.09 10:01:32.719,0.94642,0.94663,1.00,1.00
2016.12.09 10:01:33.276,0.94642,0.94667,1.00,1.50
2016.12.09 10:01:33.376,0.94642,0.94663,1.00,1.00
2016.12.09 10:01:33.481,0.94645,0.94667,1.00,1.00
2016.12.09 10:01:33.532,0.94647,0.94667,1.00,1.00
2016.12.09 10:01:33.709,0.94647,0.9467,1.00,1.00
2016.12.09 10:01:34.699,0.94645,0.9467,1.00,1.00
2016.12.09 10:01:35.216,0.94645,0.94668,1.00,1.00
2016.12.09 10:01:36.732,0.94644,0.94667,1.00,1.00
2016.12.09 10:01:37.106,0.94644,0.94662,1.00,1.00
2016.12.09 10:01:37.883,0.94644,0.94663,1.00,1.00
2016.12.09 10:01:38.158,0.94641,0.94663,1.00,1.00
2016.12.09 10:01:38.258,0.94632,0.94656,1.00,1.00
2016.12.09 10:01:38.399,0.9463,0.94655,1.50,1.00
2016.12.09 10:01:38.450,0.94628,0.94654,1.00,1.00
2016.12.09 10:01:38.723,0.94628,0.94652,1.00,1.00
2016.12.09 10:01:38.823,0.94628,0.94654,1.00,1.00
2016.12.09 10:01:40.100,0.94629,0.94652,1.00,1.00
2016.12.09 10:01:41.829,0.94623,0.94652,1.00,1.50
2016.12.09 10:01:41.929,0.94625,0.94648,1.00,1.00
2016.12.09 10:01:42.691,0.94625,0.94647,1.00,1.00
2016.12.09 10:01:42.992,0.94628,0.94648,1.00,1.00
2016.12.09 10:01:43.093,0.94628,0.94651,1.00,1.00
2016.12.09 10:01:43.732,0.94628,0.94652,1.00,1.00
2016.12.09 10:01:43.843,0.9463,0.94653,1.00,1.00
2016.12.09 10:01:44.723,0.9463,0.94655,1.00,1.00
2016.12.09 10:01:48.242,0.9463,0.94653,1.00,1.00
2016.12.09 10:01:48.908,0.94629,0.94652,1.00,1.50
2016.12.09 10:01:51.022,0.9463,0.94653,1.00,1.00
2016.12.09 10:01:51.604,0.94629,0.94652,1.00,1.00
2016.12.09 10:01:51.765,0.94624,0.94649,1.00,1.00
2016.12.09 10:01:51.816,0.94622,0.94645,1.50,1.00
2016.12.09 10:01:52.080,0.94619,0.94643,1.00,1.00
2016.12.09 10:01:54.569,0.94619,0.94645,1.00,1.00
2016.12.09 10:01:54.620,0.94618,0.94643,1.00,1.00
2016.12.09 10:01:55.505,0.94618,0.94644,1.00,1.00
2016.12.09 10:01:56.362,0.94617,0.94643,1.50,1.00
2016.12.09 10:01:56.811,0.94617,0.94641,1.00,1.00
2016.12.09 10:01:58.232,0.94615,0.94637,1.00,1.00
2016.12.09 10:01:58.555,0.94617,0.94637,1.00,1.00
2016.12.09 10:01:58.617,0.94617,0.9464,1.00,1.00
2016.12.09 10:01:59.207,0.94616,0.9464,1.00,1.00
2016.12.09 10:02:01.636,0.94613,0.94639,1.00,1.00
2016.12.09 10:02:02.677,0.94615,0.94639,1.00,1.00
2016.12.09 10:02:05.578,0.94612,0.94638,1.00,1.00
2016.12.09 10:02:05.779,0.94611,0.94635,1.00,1.00
2016.12.09 10:02:06.128,0.94611,0.94632,1.00,1.00
2016.12.09 10:02:06.429,0.94611,0.94635,1.00,1.00
2016.12.09 10:02:06.782,0.94608,0.94634,1.50,1.00
2016.12.09 10:02:07.298,0.94608,0.94633,1.00,1.00
2016.12.09 10:02:08.522,0.94608,0.94632,1.00,1.00
2016.12.09 10:02:10.156,0.94608,0.9463,1.00,1.00
2016.12.09 10:02:10.721,0.94608,0.94629,1.00,1.00
2016.12.09 10:02:13.461,0.94605,0.94629,1.00,1.00
2016.12.09 10:02:13.839,0.94607,0.94629,1.00,1.00
2016.12.09 10:02:14.347,0.94605,0.94629,1.00,1.00
2016.12.09 10:02:15.229,0.94606,0.94629,1.00,1.00
2016.12.09 10:02:15.401,0.94605,0.94631,1.00,1.00
2016.12.09 10:02:15.911,0.94605,0.94631,1.00,1.60
2016.12.09 10:02:15.962,0.94603,0.94629,1.00,1.00
2016.12.09 10:02:16.014,0.94603,0.94626,1.00,1.00
2016.12.09 10:02:16.438,0.94603,0.94629,1.00,1.00
2016.12.09 10:02:16.489,0.94606,0.9463,1.00,1.35
2016.12.09 10:02:18.797,0.94607,0.94631,1.00,1.00
2016.12.09 10:02:19.811,0.94609,0.94633,1.00,1.00
2016.12.09 10:02:24.844,0.94608,0.94632,1.00,1.00
2016.12.09 10:02:24.945,0.94613,0.94639,1.00,1.00
2016.12.09 10:02:24.996,0.94619,0.94643,1.00,1.00
2016.12.09 10:02:25.955,0.9462,0.94644,1.00,1.00
2016.12.09 10:02:26.458,0.94619,0.94643,1.00,1.00
2016.12.09 10:02:27.224,0.94618,0.94642,1.00,1.00
2016.12.09 10:02:28.361,0.94617,0.94641,1.50,1.00
2016.12.09 10:02:28.711,0.94616,0.94639,1.00,1.00
2016.12.09 10:02:30.599,0.94618,0.94639,1.00,1.00
2016.12.09 10:02:31.100,0.94618,0.9464,1.00,1.00
2016.12.09 10:02:34.921,0.94618,0.94641,1.00,1.00
2016.12.09 10:02:35.901,0.94618,0.94643,1.00,1.00
2016.12.09 10:02:40.581,0.94619,0.94643,1.00,1.00
2016.12.09 10:02:40.724,0.94621,0.94645,1.00,1.00
2016.12.09 10:02:46.914,0.94619,0.94645,1.00,1.00
2016.12.09 10:02:48.586,0.94623,0.94645,1.00,1.00
2016.12.09 10:02:49.585,0.94619,0.94645,1.00,1.00
2016.12.09 10:02:53.941,0.94621,0.94647,1.00,1.00
2016.12.09 10:02:54.924,0.9462,0.94646,1.00,1.00
2016.12.09 10:02:55.767,0.94619,0.94643,1.00,1.00
2016.12.09 10:02:56.757,0.9462,0.94644,1.00,1.00
2016.12.09 10:02:57.239,0.94623,0.94646,1.00,1.00
2016.12.09 10:02:57.296,0.9462,0.94646,1.00,1.00
2016.12.09 10:02:57.596,0.94622,0.94646,1.00,1.00
2016.12.09 10:03:00.714,0.94622,0.94645,1.00,1.00
2016.12.09 10:03:01.702,0.94623,0.94645,1.00,1.00
2016.12.09 10:03:01.752,0.94623,0.94647,1.00,1.00
2016.12.09 10:03:02.445,0.94623,0.94645,1.00,1.00
2016.12.09 10:03:02.495,0.94623,0.94648,1.00,1.00
2016.12.09 10:03:05.454,0.94623,0.94647,1.00,1.00
2016.12.09 10:03:05.807,0.94621,0.94647,1.00,1.00
2016.12.09 10:03:05.918,0.94627,0.94647,1.00,1.00
2016.12.09 10:03:06.144,0.94621,0.94647,1.00,1.00
2016.12.09 10:03:06.843,0.94618,0.94644,1.00,1.00
2016.12.09 10:03:07.221,0.9462,0.94646,1.00,1.00
2016.12.09 10:03:07.992,0.94619,0.94645,1.00,1.00
2016.12.09 10:03:09.360,0.94621,0.94646,1.00,1.00
2016.12.09 10:03:10.321,0.94622,0.94646,1.00,1.00
2016.12.09 10:03:11.005,0.9462,0.94645,1.00,1.00
2016.12.09 10:03:11.667,0.94619,0.94643,1.00,1.00
2016.12.09 10:03:13.949,0.94623,0.94643,1.00,1.00
2016.12.09 10:03:15.021,0.94619,0.94643,1.00,1.00
2016.12.09 10:03:15.822,0.94623,0.94643,1.00,1.00
2016.12.09 10:03:16.516,0.94623,0.94644,1.00,1.00
2016.12.09 10:03:16.745,0.9462,0.94644,1.00,1.00
2016.12.09 10:03:16.824,0.94622,0.94644,1.00,1.00
2016.12.09 10:03:17.525,0.9462,0.94644,1.00,1.00
2016.12.09 10:03:19.732,0.94619,0.94643,1.00,1.00
2016.12.09 10:03:20.341,0.94618,0.94642,1.50,1.00
2016.12.09 10:03:22.725,0.9462,0.94643,1.00,1.00
2016.12.09 10:03:24.925,0.9462,0.94644,1.00,1.00
2016.12.09 10:03:33.526,0.94621,0.94646,1.00,1.00
2016.12.09 10:03:33.627,0.9462,0.94644,1.00,1.00
2016.12.09 10:03:33.928,0.94618,0.94641,1.00,1.00
2016.12.09 10:03:37.784,0.94618,0.94639,1.00,1.00
2016.12.09 10:03:37.885,0.94613,0.94638,1.00,1.00
2016.12.09 10:03:38.232,0.94617,0.9464,1.00,1.00
2016.12.09 10:03:38.765,0.94614,0.9464,1.00,1.00
2016.12.09 10:03:39.182,0.94616,0.9464,1.00,1.00
2016.12.09 10:03:39.767,0.94617,0.94641,1.00,1.00
2016.12.09 10:03:45.328,0.94618,0.94642,1.00,1.50
2016.12.09 10:03:46.070,0.94619,0.94642,1.00,1.00
2016.12.09 10:03:46.588,0.9462,0.94642,1.00,1.00
2016.12.09 10:03:50.354,0.94616,0.94642,1.00,1.50
2016.12.09 10:03:50.405,0.94618,0.9464,1.00,1.00
2016.12.09 10:03:50.690,0.94616,0.9464,1.00,1.00
2016.12.09 10:03:51.163,0.94613,0.94638,1.50,1.00
2016.12.09 10:03:53.161,0.94612,0.94637,1.50,1.00
2016.12.09 10:03:53.212,0.94612,0.94635,1.00,1.00
2016.12.09 10:03:53.422,0.94608,0.94633,1.00,1.00
2016.12.09 10:03:53.584,0.94607,0.94631,1.00,1.00
2016.12.09 10:03:53.635,0.94608,0.94633,1.00,1.00
2016.12.09 10:03:53.685,0.94607,0.9463,1.50,1.00
2016.12.09 10:03:54.220,0.94604,0.94627,1.00,1.00
2016.12.09 10:03:55.098,0.94602,0.94625,1.00,1.00
2016.12.09 10:03:55.578,0.94599,0.94622,1.00,1.00
2016.12.09 10:03:55.628,0.94592,0.94617,1.50,1.00
2016.12.09 10:03:55.784,0.94594,0.94619,1.00,1.00
2016.12.09 10:03:56.628,0.94595,0.9462,1.00,1.00
2016.12.09 10:03:57.477,0.94597,0.9462,1.00,1.00
2016.12.09 10:03:57.986,0.94597,0.94619,1.00,1.00
2016.12.09 10:03:58.192,0.94595,0.94618,1.00,1.00
2016.12.09 10:03:58.842,0.94593,0.94617,1.50,1.00
2016.12.09 10:03:59.449,0.94593,0.94615,1.50,1.00
2016.12.09 10:04:00.018,0.94592,0.94615,1.00,1.00
2016.12.09 10:04:00.572,0.94591,0.94615,1.00,1.00
2016.12.09 10:04:00.622,0.94589,0.94614,1.00,1.00
2016.12.09 10:04:01.478,0.94591,0.94614,1.00,1.00
2016.12.09 10:04:04.179,0.94591,0.94616,1.00,1.00
2016.12.09 10:04:04.229,0.94595,0.94617,1.00,1.00
2016.12.09 10:04:04.362,0.94596,0.94619,1.00,1.00
2016.12.09 10:04:05.856,0.94595,0.94617,1.00,1.00
2016.12.09 10:04:06.007,0.94596,0.9462,1.00,1.00
2016.12.09 10:04:06.553,0.94597,0.9462,1.00,1.00
2016.12.09 10:04:07.263,0.94596,0.9462,1.00,1.00
2016.12.09 10:04:07.445,0.94598,0.9462,1.00,1.00
2016.12.09 10:04:10.244,0.94598,0.94618,1.00,1.00
2016.12.09 10:04:10.294,0.94596,0.94618,1.00,1.00
2016.12.09 10:04:11.223,0.94595,0.9462,1.00,1.00
2016.12.09 10:04:11.554,0.94598,0.9462,1.00,1.00
2016.12.09 10:04:13.535,0.94598,0.94621,1.00,1.00
2016.12.09 10:04:25.064,0.94596,0.94621,1.00,1.00
2016.12.09 10:04:25.322,0.94598,0.94621,1.00,1.00
2016.12.09 10:04:29.525,0.94598,0.9462,1.00,1.00
2016.12.09 10:04:29.743,0.94601,0.94625,1.00,1.00
2016.12.09 10:04:30.360,0.94602,0.94626,1.00,1.00
2016.12.09 10:04:30.527,0.94602,0.94623,1.00,1.00
2016.12.09 10:04:31.074,0.94603,0.94623,1.00,1.00
2016.12.09 10:04:33.551,0.94603,0.94626,1.00,1.00
2016.12.09 10:04:33.652,0.94601,0.94624,1.00,1.00
2016.12.09 10:04:33.978,0.94603,0.94624,1.00,1.00
2016.12.09 10:04:34.608,0.94603,0.94625,1.00,1.00
2016.12.09 10:04:35.307,0.94601,0.94625,1.00,1.00
2016.12.09 10:04:35.530,0.946,0.94622,1.00,1.00
2016.12.09 10:04:35.580,0.946,0.94625,1.00,1.00
2016.12.09 10:04:35.980,0.94603,0.94625,1.00,1.00
2016.12.09 10:04:36.781,0.946,0.94625,1.00,1.00
2016.12.09 10:04:39.184,0.946,0.94622,1.00,1.00
2016.12.09 10:04:39.485,0.94603,0.94625,1.00,1.00
2016.12.09 10:04:39.661,0.94594,0.94622,1.00,1.00
2016.12.09 10:04:39.835,0.94603,0.94632,1.00,1.00
2016.12.09 10:04:40.301,0.94602,0.94626,1.50,1.00
2016.12.09 10:04:40.652,0.94604,0.94626,1.00,1.00
2016.12.09 10:04:41.556,0.94603,0.94626,1.50,1.00
2016.12.09 10:04:46.856,0.94605,0.94627,1.00,1.00
2016.12.09 10:04:46.907,0.94606,0.94629,1.00,1.00
2016.12.09 10:04:47.113,0.9461,0.94632,1.00,1.00
2016.12.09 10:04:47.163,0.94611,0.94636,1.00,1.00
2016.12.09 10:04:47.214,0.94615,0.94637,1.00,1.50
2016.12.09 10:04:47.598,0.94615,0.94632,1.00,1.00
2016.12.09 10:04:48.200,0.94615,0.94637,1.00,1.00
2016.12.09 10:04:48.820,0.94614,0.94636,1.00,1.00
2016.12.09 10:04:49.165,0.94612,0.94637,1.00,1.00
2016.12.09 10:04:49.465,0.94608,0.94632,1.00,1.00
2016.12.09 10:04:52.175,0.94608,0.94631,1.50,1.00
2016.12.09 10:04:52.276,0.94605,0.9463,1.00,1.00
2016.12.09 10:04:52.608,0.94608,0.9463,1.00,1.00
2016.12.09 10:04:53.113,0.9461,0.94632,1.00,1.00
2016.12.09 10:04:53.264,0.94608,0.94634,1.50,1.00
2016.12.09 10:04:53.415,0.94613,0.94634,1.00,1.00
2016.12.09 10:04:54.015,0.94613,0.94633,1.00,1.00
2016.12.09 10:04:54.072,0.94613,0.94635,1.00,1.00
2016.12.09 10:04:54.123,0.94609,0.94635,1.00,1.00
2016.12.09 10:04:54.173,0.94608,0.94631,1.00,1.00
2016.12.09 10:04:54.675,0.94608,0.94632,1.00,1.00
2016.12.09 10:04:58.053,0.94613,0.94632,1.00,1.00
2016.12.09 10:05:01.954,0.94608,0.94632,1.50,1.00
2016.12.09 10:05:02.021,0.94613,0.94632,1.00,1.00
2016.12.09 10:05:03.523,0.94608,0.94632,1.00,1.00
2016.12.09 10:05:03.624,0.94611,0.94633,1.00,1.00
2016.12.09 10:05:04.294,0.94608,0.94632,1.50,1.00
2016.12.09 10:05:04.344,0.94613,0.94632,1.00,1.00
2016.12.09 10:05:04.862,0.94608,0.94632,1.00,1.00
2016.12.09 10:05:05.193,0.9461,0.94632,1.00,1.00
2016.12.09 10:05:05.622,0.94608,0.94632,1.50,1.00
2016.12.09 10:05:06.622,0.94608,0.94631,1.50,1.00
2016.12.09 10:05:07.223,0.94609,0.94633,1.00,1.00
2016.12.09 10:05:09.222,0.9461,0.94634,1.00,1.00
2016.12.09 10:05:09.458,0.94612,0.94634,1.00,1.00
2016.12.09 10:05:11.237,0.94613,0.94634,1.00,1.00
2016.12.09 10:05:11.819,0.94613,0.94633,1.00,1.00
2016.12.09 10:05:13.210,0.94613,0.94635,1.00,1.00
2016.12.09 10:05:13.261,0.94613,0.94633,1.00,1.00
2016.12.09 10:05:15.196,0.94613,0.94634,1.00,1.00
2016.12.09 10:05:15.342,0.94611,0.94634,1.00,1.00
2016.12.09 10:05:15.836,0.9461,0.94636,1.00,1.00
2016.12.09 10:05:16.454,0.9461,0.94635,1.00,1.00
2016.12.09 10:05:23.053,0.94613,0.94635,1.00,1.00
2016.12.09 10:05:23.407,0.94612,0.94633,1.00,1.00
2016.12.09 10:05:24.660,0.94611,0.94633,1.00,1.00
2016.12.09 10:05:25.266,0.94612,0.94634,1.00,1.00
2016.12.09 10:05:25.557,0.94609,0.94634,1.00,1.00
2016.12.09 10:05:26.306,0.9461,0.94632,1.00,1.00
2016.12.09 10:05:28.429,0.94611,0.94633,1.00,1.00
2016.12.09 10:05:29.563,0.94612,0.94633,1.00,1.00
2016.12.09 10:05:30.864,0.94611,0.94633,1.00,1.00
2016.12.09 10:05:34.114,0.9461,0.94632,1.00,1.00
2016.12.09 10:05:35.095,0.94611,0.94633,1.00,1.00
2016.12.09 10:05:35.884,0.9461,0.94632,1.00,1.00
2016.12.09 10:05:36.667,0.94608,0.94632,1.00,1.00
2016.12.09 10:05:37.022,0.94614,0.94636,1.00,1.00
2016.12.09 10:05:37.123,0.94615,0.94638,1.00,1.00
2016.12.09 10:05:39.292,0.94618,0.94638,1.00,1.00
2016.12.09 10:05:40.614,0.94615,0.94638,1.00,1.00
2016.12.09 10:05:41.223,0.94614,0.94638,1.00,1.00
2016.12.09 10:05:41.728,0.94615,0.94639,1.00,1.00
2016.12.09 10:05:42.313,0.94614,0.94639,1.00,1.00
2016.12.09 10:05:42.853,0.94613,0.94639,1.00,1.00
2016.12.09 10:05:44.782,0.94614,0.94638,1.00,1.00
2016.12.09 10:05:50.513,0.94616,0.94639,1.00,1.00
2016.12.09 10:05:50.564,0.94614,0.94639,1.00,1.00
2016.12.09 10:05:51.532,0.94616,0.94638,1.00,1.00
2016.12.09 10:05:52.335,0.94614,0.94638,1.00,1.00
2016.12.09 10:05:52.611,0.94616,0.94638,1.00,1.00
2016.12.09 10:05:52.887,0.94614,0.94638,1.00,1.00
2016.12.09 10:05:53.343,0.94616,0.94639,1.00,1.00
2016.12.09 10:05:53.674,0.94615,0.94637,1.00,1.00
2016.12.09 10:05:56.714,0.94617,0.94637,1.00,1.00
2016.12.09 10:05:56.930,0.94615,0.94637,1.00,1.00
2016.12.09 10:05:57.435,0.94616,0.94638,1.00,1.00
2016.12.09 10:05:57.954,0.94615,0.94637,1.00,1.00
2016.12.09 10:05:58.159,0.94615,0.94639,1.00,1.00
2016.12.09 10:05:58.319,0.94612,0.94636,1.00,1.00
2016.12.09 10:05:58.421,0.94608,0.94633,1.00,1.00
2016.12.09 10:05:58.522,0.94606,0.9463,1.00,1.35
2016.12.09 10:05:58.724,0.94602,0.94628,1.00,1.00
2016.12.09 10:05:59.309,0.94603,0.94628,1.00,1.00
2016.12.09 10:05:59.458,0.94605,0.94629,1.00,1.00
2016.12.09 10:05:59.806,0.94608,0.94629,1.00,1.00
2016.12.09 10:05:59.906,0.94606,0.94632,1.00,1.00
2016.12.09 10:06:00.457,0.94607,0.94633,1.00,1.50
2016.12.09 10:06:00.508,0.94605,0.94631,1.00,1.00
2016.12.09 10:06:00.860,0.94608,0.94632,1.00,1.00
2016.12.09 10:06:01.192,0.94604,0.94628,1.00,1.00
2016.12.09 10:06:01.292,0.94601,0.94627,1.00,1.00
2016.12.09 10:06:01.343,0.94601,0.9463,1.00,1.00
2016.12.09 10:06:01.394,0.94602,0.94626,1.00,1.00
2016.12.09 10:06:02.863,0.94603,0.94627,1.00,1.00
2016.12.09 10:06:03.074,0.94604,0.9463,1.00,1.00
2016.12.09 10:06:03.125,0.94606,0.94632,1.00,1.50
2016.12.09 10:06:03.828,0.94608,0.94633,1.00,1.00
2016.12.09 10:06:05.199,0.94607,0.94631,1.00,1.00
2016.12.09 10:06:05.507,0.94605,0.94631,1.00,1.00
2016.12.09 10:06:05.703,0.94607,0.94631,1.00,1.00
2016.12.09 10:06:05.753,0.94604,0.9463,1.00,1.00
2016.12.09 10:06:06.477,0.94604,0.94627,1.00,1.00
2016.12.09 10:06:06.646,0.94606,0.94631,1.00,1.00
2016.12.09 10:06:07.206,0.94607,0.94631,1.00,1.00
2016.12.09 10:06:07.257,0.94607,0.94629,1.50,1.00
2016.12.09 10:06:07.963,0.94607,0.9463,1.00,1.00
2016.12.09 10:06:08.132,0.94605,0.9463,1.00,1.00
2016.12.09 10:06:08.505,0.94603,0.94628,1.50,1.00
2016.12.09 10:06:09.505,0.94604,0.94626,1.00,1.00
2016.12.09 10:06:10.269,0.94602,0.94624,1.00,1.00
2016.12.09 10:06:10.994,0.94604,0.94627,1.00,1.00
2016.12.09 10:06:11.044,0.94606,0.94629,1.00,1.00
2016.12.09 10:06:11.266,0.94604,0.94628,1.00,1.00
2016.12.09 10:06:13.787,0.94603,0.94625,1.00,1.00
2016.12.09 10:06:13.888,0.94601,0.94624,1.00,1.00
2016.12.09 10:06:14.871,0.94602,0.94624,1.00,1.00
2016.12.09 10:06:18.474,0.946,0.94625,1.00,1.00
2016.12.09 10:06:18.575,0.94603,0.94625,1.00,1.00
2016.12.09 10:06:19.184,0.94602,0.94625,1.00,1.00
2016.12.09 10:06:19.393,0.946,0.94625,1.00,1.00
2016.12.09 10:06:20.060,0.94602,0.94626,1.00,1.00
2016.12.09 10:06:20.362,0.94599,0.94621,1.00,1.00
2016.12.09 10:06:23.689,0.94596,0.94621,1.00,1.00
2016.12.09 10:06:24.698,0.94596,0.9462,1.00,1.00
2016.12.09 10:06:25.895,0.94597,0.9462,1.00,1.00
2016.12.09 10:06:26.938,0.94597,0.94621,1.00,1.00
2016.12.09 10:06:29.734,0.94595,0.9462,1.00,1.00
2016.12.09 10:06:34.332,0.94597,0.94619,1.00,1.00
2016.12.09 10:06:37.551,0.94598,0.94622,1.00,1.00
2016.12.09 10:06:37.601,0.94603,0.94627,1.00,1.50
2016.12.09 10:06:37.914,0.94597,0.94621,1.00,1.00
2016.12.09 10:06:38.768,0.94599,0.94622,1.00,1.00
2016.12.09 10:06:39.737,0.94598,0.94622,1.00,1.00
2016.12.09 10:06:40.925,0.94598,0.94621,1.00,1.00
2016.12.09 10:06:41.427,0.94597,0.9462,1.00,1.00
2016.12.09 10:06:42.471,0.94598,0.9462,1.00,1.00
2016.12.09 10:06:45.485,0.94598,0.94622,1.00,1.00
2016.12.09 10:06:46.665,0.946,0.94624,1.00,1.00
2016.12.09 10:06:47.639,0.94602,0.94624,1.00,1.00
2016.12.09 10:06:47.997,0.946,0.94622,1.00,1.00
2016.12.09 10:06:48.674,0.94599,0.94621,1.00,1.00
2016.12.09 10:06:49.933,0.94598,0.94622,1.00,1.00
2016.12.09 10:06:50.921,0.94599,0.94621,1.00,1.00
2016.12.09 10:06:51.497,0.94598,0.94621,1.50,1.00
2016.12.09 10:06:51.881,0.94596,0.94619,1.00,1.00
2016.12.09 10:06:52.413,0.94597,0.94619,1.00,1.00
2016.12.09 10:06:52.605,0.94598,0.94621,1.00,1.00
2016.12.09 10:06:54.793,0.94597,0.9462,1.00,1.00
2016.12.09 10:06:55.903,0.94599,0.94621,1.00,1.00
2016.12.09 10:06:56.563,0.946,0.94622,1.00,1.00
2016.12.09 10:06:56.853,0.94601,0.94625,1.00,1.00
2016.12.09 10:06:58.093,0.94602,0.94625,1.00,1.00
2016.12.09 10:06:58.594,0.94601,0.94625,1.00,1.00
2016.12.09 10:07:00.348,0.94601,0.94623,1.00,1.00
2016.12.09 10:07:00.399,0.94602,0.94626,1.00,1.00
2016.12.09 10:07:00.702,0.94601,0.94624,1.00,1.00
2016.12.09 10:07:01.891,0.94599,0.94623,1.00,1.00
2016.12.09 10:07:03.437,0.946,0.94624,1.00,1.00
2016.12.09 10:07:03.525,0.94602,0.94625,1.00,1.00
2016.12.09 10:07:04.047,0.94601,0.94625,1.00,1.00
2016.12.09 10:07:04.448,0.94597,0.94616,1.00,2.10
2016.12.09 10:07:04.499,0.94584,0.94608,1.00,1.00
2016.12.09 10:07:05.363,0.94587,0.94609,1.00,1.00
2016.12.09 10:07:05.414,0.94589,0.94613,1.00,1.50
2016.12.09 10:07:06.406,0.94591,0.94613,1.00,1.00
2016.12.09 10:07:07.965,0.9459,0.94612,1.00,1.00
2016.12.09 10:07:08.739,0.94589,0.94611,1.00,1.00
2016.12.09 10:07:09.604,0.94589,0.94613,1.00,1.00
2016.12.09 10:07:11.016,0.94588,0.9461,1.00,1.00
2016.12.09 10:07:11.647,0.94589,0.94613,1.00,1.00
2016.12.09 10:07:13.611,0.94591,0.94616,1.00,1.00
2016.12.09 10:07:13.662,0.94591,0.94613,1.00,1.00
2016.12.09 10:07:13.769,0.94588,0.94613,1.50,1.00
2016.12.09 10:07:14.429,0.94588,0.94612,1.00,1.00
2016.12.09 10:07:14.933,0.94586,0.9461,1.00,1.00
2016.12.09 10:07:15.365,0.94589,0.94611,1.00,1.00
2016.12.09 10:07:16.391,0.94589,0.94613,1.00,1.00
2016.12.09 10:07:17.594,0.94592,0.94614,1.00,1.00
2016.12.09 10:07:17.694,0.94589,0.94613,1.00,1.00
2016.12.09 10:07:18.393,0.9459,0.94612,1.00,1.50
2016.12.09 10:07:19.053,0.94591,0.94612,1.00,1.00
2016.12.09 10:07:19.631,0.9459,0.94615,1.00,1.00
2016.12.09 10:07:19.783,0.94592,0.94616,1.00,1.35
2016.12.09 10:07:20.208,0.94589,0.94615,1.00,1.00
2016.12.09 10:07:20.328,0.94589,0.94612,1.00,1.00
2016.12.09 10:07:20.429,0.94589,0.94615,1.00,1.00
2016.12.09 10:07:20.829,0.94589,0.94613,1.00,1.00
2016.12.09 10:07:21.363,0.94589,0.94612,1.00,1.00
2016.12.09 10:07:21.794,0.94591,0.94615,1.00,1.00
2016.12.09 10:07:22.078,0.94593,0.94616,1.00,1.00
2016.12.09 10:07:22.128,0.9459,0.94616,1.00,1.00
2016.12.09 10:07:23.908,0.9459,0.94615,1.00,1.00
2016.12.09 10:07:25.098,0.9459,0.94614,1.00,1.00
2016.12.09 10:07:25.679,0.94591,0.94613,1.00,1.00
2016.12.09 10:07:26.019,0.94589,0.94615,1.00,1.00
2016.12.09 10:07:26.695,0.9459,0.94614,1.00,1.00
2016.12.09 10:07:27.127,0.94592,0.94614,1.00,1.00
2016.12.09 10:07:27.250,0.94593,0.94617,1.00,1.00
2016.12.09 10:07:30.790,0.94594,0.94617,1.00,1.00
2016.12.09 10:07:34.447,0.94594,0.94618,1.00,1.00
2016.12.09 10:07:34.981,0.94594,0.94617,1.00,1.00
2016.12.09 10:07:36.350,0.94594,0.94618,1.00,1.00
2016.12.09 10:07:36.995,0.94594,0.94616,1.00,1.00
2016.12.09 10:07:37.046,0.94594,0.94618,1.00,1.00
2016.12.09 10:07:37.914,0.94594,0.94617,1.00,1.00
2016.12.09 10:07:38.022,0.94595,0.94619,1.00,1.00
2016.12.09 10:07:38.549,0.94597,0.9462,1.00,1.00
2016.12.09 10:07:40.903,0.94595,0.94619,1.00,1.00
2016.12.09 10:07:44.726,0.94595,0.94617,1.00,1.00
2016.12.09 10:07:45.084,0.94595,0.94619,1.00,1.00
2016.12.09 10:07:45.755,0.94596,0.94618,1.00,1.00
2016.12.09 10:07:47.673,0.94595,0.94618,1.00,1.00
2016.12.09 10:07:48.497,0.94596,0.9462,1.00,1.00
2016.12.09 10:07:51.912,0.94596,0.94618,1.00,1.00
2016.12.09 10:07:54.258,0.94597,0.94619,1.00,1.00
2016.12.09 10:07:54.820,0.94595,0.94619,1.00,1.00
2016.12.09 10:08:03.034,0.94597,0.94619,1.00,1.00
2016.12.09 10:08:11.501,0.94597,0.94622,1.00,1.00
2016.12.09 10:08:15.656,0.94597,0.94619,1.00,1.00
2016.12.09 10:08:21.864,0.94601,0.94623,1.00,1.00
2016.12.09 10:08:22.044,0.94605,0.94629,1.00,1.00
2016.12.09 10:08:22.095,0.9461,0.94632,1.00,1.00
2016.12.09 10:08:22.890,0.94608,0.94632,1.00,1.00
2016.12.09 10:08:23.141,0.94607,0.94629,1.00,1.00
2016.12.09 10:08:25.946,0.94605,0.94629,1.00,1.00
2016.12.09 10:08:27.966,0.94606,0.94631,1.00,1.00
2016.12.09 10:08:28.673,0.94605,0.9463,1.00,1.00
2016.12.09 10:08:30.412,0.94607,0.94631,1.00,1.00
2016.12.09 10:08:30.728,0.94605,0.94629,1.00,1.00
2016.12.09 10:08:31.443,0.94602,0.94627,1.00,1.00
2016.12.09 10:08:31.601,0.94601,0.94625,1.00,1.00
2016.12.09 10:08:34.166,0.946,0.94623,1.00,1.00
2016.12.09 10:08:34.347,0.94603,0.94628,1.00,1.00
2016.12.09 10:08:34.447,0.94603,0.94625,1.00,1.00
2016.12.09 10:08:34.548,0.94604,0.94627,1.00,1.00
2016.12.09 10:08:34.815,0.94603,0.94625,1.00,1.00
2016.12.09 10:08:35.230,0.946,0.94625,1.00,1.00
2016.12.09 10:08:35.944,0.94599,0.94622,1.00,1.00
2016.12.09 10:08:36.305,0.94597,0.94621,1.50,1.00
2016.12.09 10:08:37.100,0.94599,0.94621,1.00,1.00
2016.12.09 10:08:38.243,0.94598,0.9462,1.00,1.00
2016.12.09 10:08:41.330,0.94598,0.94613,1.00,1.00
2016.12.09 10:08:41.380,0.94598,0.94615,1.00,1.00
2016.12.09 10:08:41.431,0.94592,0.94612,1.00,1.00
2016.12.09 10:08:41.532,0.94588,0.94612,1.50,1.00
2016.12.09 10:08:41.876,0.94588,0.94609,1.00,1.00
2016.12.09 10:08:41.926,0.94585,0.94609,1.00,1.00
2016.12.09 10:08:42.796,0.94585,0.94607,1.00,1.00
2016.12.09 10:08:43.789,0.94584,0.94607,1.00,1.00
2016.12.09 10:08:44.565,0.94582,0.94606,1.00,1.00
2016.12.09 10:08:44.615,0.9458,0.94604,1.00,1.00
2016.12.09 10:08:44.942,0.94582,0.94606,1.00,1.00
2016.12.09 10:08:47.211,0.94583,0.94606,1.00,1.00
2016.12.09 10:08:47.960,0.94582,0.94606,1.00,1.00
2016.12.09 10:08:53.349,0.94584,0.94606,1.00,1.00
2016.12.09 10:08:53.852,0.94583,0.94605,1.00,1.00
2016.12.09 10:08:56.696,0.94581,0.94606,1.00,1.00
2016.12.09 10:08:58.559,0.94579,0.94603,1.00,1.00
2016.12.09 10:08:58.911,0.94577,0.946,1.00,1.00
2016.12.09 10:08:59.823,0.94576,0.94598,1.00,1.00
2016.12.09 10:09:00.427,0.94575,0.94597,1.00,1.00
2016.12.09 10:09:00.731,0.94574,0.94599,1.00,1.00
2016.12.09 10:09:01.263,0.94573,0.94595,1.00,1.00
2016.12.09 10:09:01.568,0.94571,0.94593,1.00,1.00
2016.12.09 10:09:04.366,0.94575,0.94598,1.00,1.00
2016.12.09 10:09:04.467,0.94573,0.94599,1.00,1.00
2016.12.09 10:09:04.797,0.9457,0.94598,1.00,1.00
2016.12.09 10:09:06.154,0.94568,0.94597,1.00,1.00
2016.12.09 10:09:07.341,0.94572,0.94594,1.00,1.00
2016.12.09 10:09:08.343,0.9457,0.94595,1.00,1.00
2016.12.09 10:09:08.757,0.94572,0.94594,1.00,1.00
2016.12.09 10:09:09.087,0.9457,0.94595,1.00,1.00
2016.12.09 10:09:11.763,0.9457,0.94593,1.00,1.00
2016.12.09 10:09:12.294,0.9457,0.94592,1.00,1.00
2016.12.09 10:09:13.927,0.94571,0.94594,1.00,1.00
2016.12.09 10:09:15.294,0.9457,0.94593,1.00,1.00
2016.12.09 10:09:15.993,0.94569,0.94592,1.00,1.00
2016.12.09 10:09:19.064,0.94568,0.9459,1.00,1.00
2016.12.09 10:09:19.366,0.94566,0.94587,1.00,1.00
2016.12.09 10:09:19.517,0.94564,0.94587,1.00,1.00
2016.12.09 10:09:20.378,0.94565,0.94588,1.00,1.00
2016.12.09 10:09:21.241,0.94566,0.9459,1.00,1.00
2016.12.09 10:09:24.430,0.94568,0.94592,1.00,1.00
2016.12.09 10:09:24.732,0.94571,0.94593,1.00,1.00
2016.12.09 10:09:25.020,0.94571,0.94595,1.00,1.00
2016.12.09 10:09:25.571,0.94571,0.94596,1.00,1.00
2016.12.09 10:09:26.756,0.94571,0.94595,1.00,1.00
2016.12.09 10:09:30.393,0.9457,0.94593,1.00,1.00
2016.12.09 10:09:31.199,0.94571,0.94593,1.00,1.00
2016.12.09 10:09:32.032,0.94568,0.94593,1.00,1.00
2016.12.09 10:09:38.233,0.94567,0.94591,1.00,1.00
2016.12.09 10:09:38.537,0.94556,0.94579,1.00,1.00
2016.12.09 10:09:39.384,0.94556,0.94581,1.00,1.00
2016.12.09 10:09:39.752,0.94555,0.94578,1.00,1.00
2016.12.09 10:09:39.802,0.94553,0.94577,1.50,1.00
2016.12.09 10:09:39.853,0.94553,0.94573,1.00,1.00
2016.12.09 10:09:39.903,0.94549,0.94573,1.00,1.00
2016.12.09 10:09:39.954,0.94548,0.94569,1.00,1.00
2016.12.09 10:09:40.004,0.94545,0.94569,1.00,1.00
2016.12.09 10:09:40.839,0.94546,0.9457,1.00,1.00
2016.12.09 10:09:42.473,0.94545,0.94568,1.00,1.00
2016.12.09 10:09:43.409,0.94547,0.94569,1.00,1.00
2016.12.09 10:09:43.850,0.94543,0.94567,1.00,1.00
2016.12.09 10:09:43.901,0.94543,0.94562,1.00,1.00
2016.12.09 10:09:44.049,0.9454,0.94562,1.00,1.00
2016.12.09 10:09:44.312,0.94537,0.94561,1.00,1.00
2016.12.09 10:09:45.780,0.94538,0.94561,1.00,1.00
2016.12.09 10:09:46.203,0.94537,0.94559,1.50,1.00
2016.12.09 10:09:46.305,0.94532,0.94556,1.00,1.00
2016.12.09 10:09:46.406,0.94531,0.94558,1.00,1.00
2016.12.09 10:09:46.456,0.94533,0.94559,1.00,1.50
2016.12.09 10:09:46.812,0.94538,0.94559,1.00,1.00
2016.12.09 10:09:46.905,0.94533,0.94559,1.50,1.00
2016.12.09 10:09:47.037,0.94537,0.94559,1.00,1.00
2016.12.09 10:09:47.442,0.94538,0.94561,1.00,1.00
2016.12.09 10:09:48.577,0.94538,0.94559,1.00,1.00
2016.12.09 10:09:48.840,0.94527,0.94552,1.00,1.00
2016.12.09 10:09:48.891,0.94527,0.94555,1.00,1.00
2016.12.09 10:09:49.414,0.94528,0.94554,1.00,1.00
2016.12.09 10:09:51.314,0.94528,0.94555,1.50,1.00
2016.12.09 10:09:51.776,0.94531,0.94559,1.00,1.50
2016.12.09 10:09:51.877,0.94535,0.94561,1.00,1.50
2016.12.09 10:09:52.216,0.94538,0.94561,1.00,1.00
2016.12.09 10:09:52.766,0.94538,0.94563,1.00,1.00
2016.12.09 10:09:53.146,0.94536,0.94562,1.00,1.00
2016.12.09 10:09:54.632,0.94536,0.94565,1.00,1.00
2016.12.09 10:09:55.604,0.94537,0.94563,1.00,1.00
2016.12.09 10:09:55.925,0.94538,0.9456,1.00,1.00
2016.12.09 10:09:56.190,0.94534,0.94562,1.00,1.00
2016.12.09 10:09:56.290,0.94536,0.9456,1.00,1.00
2016.12.09 10:09:56.403,0.94533,0.94562,1.50,1.00
2016.12.09 10:09:56.454,0.94536,0.9456,1.00,1.00
2016.12.09 10:09:58.289,0.94533,0.94556,1.50,1.00
2016.12.09 10:09:58.340,0.94527,0.94551,1.00,1.35
2016.12.09 10:09:58.441,0.94524,0.94551,1.00,1.35
2016.12.09 10:09:59.277,0.94523,0.94549,1.50,1.00
2016.12.09 10:09:59.818,0.94521,0.94549,1.00,1.00
2016.12.09 10:09:59.869,0.94523,0.94549,1.00,1.00
2016.12.09 10:10:01.128,0.94524,0.94546,1.00,1.00
2016.12.09 10:10:01.541,0.94523,0.9455,1.00,1.00
2016.12.09 10:10:01.592,0.94524,0.94552,1.00,1.00
2016.12.09 10:10:01.891,0.94528,0.94554,1.00,1.00
2016.12.09 10:10:02.193,0.94531,0.94557,1.00,1.00
2016.12.09 10:10:02.294,0.94533,0.94561,1.00,1.50
2016.12.09 10:10:02.344,0.94531,0.94559,1.00,1.00
2016.12.09 10:10:02.858,0.9453,0.94557,1.00,1.00
2016.12.09 10:10:03.001,0.94528,0.94556,1.50,1.00
2016.12.09 10:10:03.386,0.94535,0.94558,1.00,1.00
2016.12.09 10:10:03.674,0.94535,0.94561,1.00,1.00
2016.12.09 10:10:03.836,0.94538,0.94561,1.00,1.00
2016.12.09 10:10:03.931,0.94538,0.94563,1.00,1.00
2016.12.09 10:10:04.097,0.94537,0.94561,1.00,1.00
2016.12.09 10:10:04.147,0.94535,0.94561,1.00,1.00
2016.12.09 10:10:04.198,0.94533,0.94559,1.00,1.00
2016.12.09 10:10:04.713,0.94533,0.94558,1.00,1.00
2016.12.09 10:10:05.039,0.94532,0.94553,1.00,1.00
2016.12.09 10:10:05.140,0.94532,0.94556,1.00,1.00
2016.12.09 10:10:05.344,0.94534,0.9456,1.00,1.00
2016.12.09 10:10:05.462,0.94532,0.94559,1.00,1.00
2016.12.09 10:10:05.513,0.9453,0.94557,1.00,1.00
2016.12.09 10:10:06.067,0.94529,0.94557,1.00,1.00
2016.12.09 10:10:06.418,0.94533,0.94558,1.00,1.00
2016.12.09 10:10:06.783,0.94535,0.94566,1.00,1.50
2016.12.09 10:10:06.884,0.94537,0.94567,1.00,1.50
2016.12.09 10:10:07.509,0.94538,0.94564,1.00,1.00
2016.12.09 10:10:07.566,0.94536,0.94567,1.00,1.00
2016.12.09 10:10:07.616,0.94538,0.94567,1.00,1.00
2016.12.09 10:10:07.817,0.94534,0.94565,1.00,1.00
2016.12.09 10:10:07.868,0.94533,0.94563,1.00,1.00
2016.12.09 10:10:08.373,0.94537,0.94567,1.00,2.85
2016.12.09 10:10:08.775,0.94538,0.94569,1.00,1.00
2016.12.09 10:10:08.826,0.94535,0.94567,1.00,1.00
2016.12.09 10:10:08.975,0.94534,0.94564,1.00,1.00
2016.12.09 10:10:11.248,0.94537,0.94564,1.00,1.00
2016.12.09 10:10:11.860,0.94537,0.94563,1.00,1.00
2016.12.09 10:10:12.096,0.94537,0.94568,1.00,1.50
2016.12.09 10:10:12.247,0.94537,0.94566,1.00,1.00
2016.12.09 10:10:12.398,0.94533,0.94563,1.00,1.00
2016.12.09 10:10:12.651,0.94534,0.94566,1.00,1.60
2016.12.09 10:10:13.335,0.94534,0.94566,1.00,1.00
2016.12.09 10:10:13.577,0.94536,0.94566,1.00,1.00
2016.12.09 10:10:13.966,0.94539,0.94566,1.00,1.00
2016.12.09 10:10:15.590,0.94543,0.9457,1.00,1.00
2016.12.09 10:10:15.913,0.94543,0.94568,1.00,1.00
2016.12.09 10:10:16.241,0.94543,0.94571,1.00,1.00
2016.12.09 10:10:16.342,0.94548,0.94572,1.00,1.00
2016.12.09 10:10:16.493,0.94548,0.94574,1.50,1.00
2016.12.09 10:10:16.695,0.94543,0.94571,1.50,1.00
2016.12.09 10:10:22.203,0.94542,0.94569,1.00,1.00
2016.12.09 10:10:24.858,0.94544,0.94567,1.00,1.00
2016.12.09 10:10:26.902,0.94544,0.94566,1.00,1.00
2016.12.09 10:10:28.556,0.94545,0.94567,1.00,1.00
2016.12.09 10:10:28.773,0.94543,0.94567,1.00,1.00
2016.12.09 10:10:30.349,0.94542,0.94567,1.50,1.00
2016.12.09 10:10:30.402,0.94542,0.9456,1.00,1.00
2016.12.09 10:10:30.452,0.94538,0.9456,1.00,1.00
2016.12.09 10:10:30.503,0.94538,0.94558,1.00,1.00
2016.12.09 10:10:30.553,0.94535,0.94558,1.00,1.00
2016.12.09 10:10:32.033,0.94537,0.94558,1.00,1.00
2016.12.09 10:10:32.328,0.94535,0.94558,1.00,1.00
2016.12.09 10:10:32.887,0.94536,0.94558,1.00,1.00
2016.12.09 10:10:33.459,0.94535,0.94559,1.00,1.00
2016.12.09 10:10:33.510,0.94537,0.9456,1.00,1.00
2016.12.09 10:10:34.633,0.94536,0.94559,1.00,1.00
2016.12.09 10:10:35.442,0.94537,0.9456,1.00,1.00
2016.12.09 10:10:38.455,0.94536,0.94559,1.00,1.00
2016.12.09 10:10:38.568,0.94536,0.94561,1.00,1.00
2016.12.09 10:10:39.594,0.94538,0.9456,1.00,1.00
2016.12.09 10:10:40.919,0.94537,0.94561,1.00,1.00
2016.12.09 10:10:41.254,0.94534,0.94557,1.00,1.00
2016.12.09 10:10:41.598,0.94533,0.94555,1.00,1.00
2016.12.09 10:10:41.990,0.94531,0.94555,1.00,1.00
2016.12.09 10:10:42.527,0.94532,0.94556,1.00,1.00
2016.12.09 10:10:43.264,0.94531,0.94556,1.00,1.00
2016.12.09 10:10:43.631,0.94533,0.94556,1.00,1.00
2016.12.09 10:10:43.831,0.94531,0.94556,1.00,1.00
2016.12.09 10:10:44.559,0.94532,0.94556,1.00,1.00
2016.12.09 10:10:48.237,0.94531,0.94556,1.00,1.00
2016.12.09 10:10:48.799,0.94532,0.94556,1.00,1.00
2016.12.09 10:10:49.364,0.94533,0.94556,1.00,1.00
2016.12.09 10:10:49.941,0.94532,0.94554,1.50,1.00
2016.12.09 10:10:50.549,0.94533,0.94554,1.00,1.00
2016.12.09 10:10:50.834,0.9453,0.94556,1.00,1.00
2016.12.09 10:10:51.082,0.9453,0.94554,1.00,1.00
2016.12.09 10:10:51.612,0.94531,0.94555,1.00,1.00
2016.12.09 10:10:51.926,0.94531,0.94557,1.00,1.00
2016.12.09 10:10:54.130,0.94532,0.94556,1.00,1.00
2016.12.09 10:10:55.437,0.94533,0.94557,1.00,1.00
2016.12.09 10:10:56.796,0.94532,0.94557,1.00,1.00
2016.12.09 10:10:56.902,0.94534,0.94557,1.00,1.00
2016.12.09 10:10:57.895,0.94534,0.94556,1.00,1.00
2016.12.09 10:10:58.835,0.94536,0.94558,1.00,1.00
2016.12.09 10:10:59.137,0.94538,0.9456,1.00,1.00
2016.12.09 10:10:59.463,0.94542,0.94564,1.00,1.00
2016.12.09 10:10:59.513,0.94542,0.94566,1.00,1.00
2016.12.09 10:10:59.902,0.94545,0.94567,1.00,1.00
2016.12.09 10:11:00.242,0.94547,0.94569,1.00,1.00
2016.12.09 10:11:00.343,0.94544,0.94568,1.00,1.00
2016.12.09 10:11:01.828,0.94545,0.94568,1.00,1.00
2016.12.09 10:11:02.865,0.94546,0.94569,1.00,1.00
2016.12.09 10:11:04.140,0.94547,0.94571,1.00,1.00
2016.12.09 10:11:04.240,0.94549,0.94571,1.00,1.00
2016.12.09 10:11:04.508,0.94549,0.94573,1.00,1.00
2016.12.09 10:11:09.221,0.9455,0.94574,1.00,1.00
2016.12.09 10:11:11.967,0.9455,0.94575,1.00,1.00
2016.12.09 10:11:13.984,0.9455,0.94572,1.00,1.00
2016.12.09 10:11:14.936,0.94552,0.94574,1.00,1.00
2016.12.09 10:11:18.039,0.94552,0.94575,1.00,1.00
2016.12.09 10:11:18.189,0.9455,0.94574,1.00,1.00
2016.12.09 10:11:19.199,0.94549,0.94573,1.00,1.00
2016.12.09 10:11:20.424,0.9455,0.94574,1.00,1.00
2016.12.09 10:11:21.289,0.94552,0.94576,1.00,1.00
2016.12.09 10:11:21.635,0.94556,0.9458,1.00,1.00
2016.12.09 10:11:22.479,0.94555,0.94579,1.00,1.00
2016.12.09 10:11:23.159,0.94555,0.94577,1.00,1.00
2016.12.09 10:11:23.701,0.94554,0.94576,1.00,1.00
2016.12.09 10:11:23.985,0.94554,0.94578,1.00,1.00
2016.12.09 10:11:24.976,0.94556,0.94578,1.00,1.00
2016.12.09 10:11:25.569,0.94557,0.94579,1.00,1.00
2016.12.09 10:11:26.496,0.94558,0.9458,1.00,1.00
2016.12.09 10:11:26.976,0.9456,0.94582,1.00,1.00
2016.12.09 10:11:27.927,0.94559,0.94582,1.00,1.00
2016.12.09 10:11:28.442,0.94558,0.94582,1.50,1.00
2016.12.09 10:11:28.958,0.94557,0.94579,1.00,1.00
2016.12.09 10:11:29.942,0.94556,0.94579,1.00,1.00
2016.12.09 10:11:30.932,0.94555,0.94579,1.00,1.00
2016.12.09 10:11:31.334,0.94557,0.94579,1.00,1.00
2016.12.09 10:11:31.866,0.94556,0.94578,1.00,1.00
2016.12.09 10:11:32.214,0.94559,0.94581,1.00,1.00
2016.12.09 10:11:34.013,0.94559,0.94582,1.00,1.00
2016.12.09 10:11:34.214,0.94557,0.94581,1.00,1.00
2016.12.09 10:11:34.413,0.94558,0.94578,1.00,1.00
2016.12.09 10:11:34.652,0.94555,0.94578,1.00,1.00
2016.12.09 10:11:35.501,0.94556,0.94578,1.00,1.00
2016.12.09 10:11:37.919,0.94555,0.94578,1.00,1.00
2016.12.09 10:11:38.421,0.94555,0.94579,1.00,1.00
2016.12.09 10:11:39.313,0.94554,0.94579,1.00,1.00
2016.12.09 10:11:41.572,0.94555,0.94579,1.00,1.00
2016.12.09 10:11:42.183,0.94554,0.94578,1.00,1.00
2016.12.09 10:11:43.010,0.94557,0.94579,1.00,1.00
2016.12.09 10:11:43.321,0.94566,0.94587,1.00,1.00
2016.12.09 10:11:43.601,0.94566,0.94591,1.00,1.00
2016.12.09 10:11:44.267,0.94566,0.94587,1.00,1.00
2016.12.09 10:11:45.202,0.9457,0.94592,1.00,1.50
2016.12.09 10:11:45.353,0.94567,0.94591,1.00,1.00
2016.12.09 10:11:45.763,0.94565,0.9459,1.00,1.00
2016.12.09 10:11:45.967,0.94565,0.94587,1.00,1.00
2016.12.09 10:11:47.257,0.94562,0.94587,1.00,1.50
2016.12.09 10:11:48.215,0.94562,0.94584,1.00,1.00
2016.12.09 10:11:48.516,0.94562,0.94582,1.00,1.00
2016.12.09 10:11:48.797,0.9456,0.94582,1.00,1.00
2016.12.09 10:11:49.172,0.94555,0.94578,1.00,1.00
2016.12.09 10:11:49.223,0.94553,0.94577,1.50,1.00
2016.12.09 10:11:49.545,0.94552,0.94574,1.00,1.00
2016.12.09 10:11:56.157,0.9455,0.94573,1.00,1.00
2016.12.09 10:11:56.364,0.94551,0.94576,1.00,1.00
2016.12.09 10:11:57.335,0.94551,0.94575,1.00,1.00
2016.12.09 10:11:58.838,0.94553,0.94575,1.00,1.00
2016.12.09 10:11:59.709,0.9455,0.94574,1.00,1.00
2016.12.09 10:12:00.446,0.9455,0.94573,1.00,1.00
2016.12.09 10:12:00.727,0.94552,0.94573,1.00,1.00
2016.12.09 10:12:01.432,0.9455,0.94573,1.00,1.50
2016.12.09 10:12:01.570,0.94549,0.94571,1.00,1.00
2016.12.09 10:12:01.984,0.94544,0.94568,1.00,1.00
2016.12.09 10:12:02.034,0.94542,0.94566,1.00,1.00
2016.12.09 10:12:02.894,0.94548,0.94566,1.00,1.00
2016.12.09 10:12:03.139,0.94545,0.94567,1.00,1.00
2016.12.09 10:12:03.289,0.94545,0.94569,1.00,1.00
2016.12.09 10:12:03.897,0.94548,0.94569,1.00,1.00
2016.12.09 10:12:04.226,0.94546,0.94568,1.00,1.00
2016.12.09 10:12:04.294,0.94544,0.94568,1.00,1.00
2016.12.09 10:12:04.395,0.94545,0.9457,1.00,1.00
2016.12.09 10:12:04.768,0.94547,0.94571,1.00,1.00
2016.12.09 10:12:05.843,0.94548,0.94571,1.00,1.00
2016.12.09 10:12:06.351,0.94548,0.94572,1.50,1.00
2016.12.09 10:12:06.897,0.94548,0.94573,1.00,1.00
2016.12.09 10:12:07.214,0.94548,0.94571,1.00,1.00
2016.12.09 10:12:07.547,0.94546,0.94569,1.00,1.00
2016.12.09 10:12:08.065,0.94545,0.94568,1.00,1.00
2016.12.09 10:12:08.754,0.94544,0.94568,1.00,1.00
2016.12.09 10:12:09.326,0.94543,0.94569,1.00,1.00
2016.12.09 10:12:10.532,0.94545,0.94568,1.00,1.00
2016.12.09 10:12:12.087,0.94543,0.94567,1.00,1.00
2016.12.09 10:12:16.029,0.94541,0.94566,1.00,1.00
2016.12.09 10:12:16.079,0.94543,0.94565,1.00,1.00
2016.12.09 10:12:17.066,0.94542,0.94564,1.00,1.00
2016.12.09 10:12:18.222,0.94542,0.94566,1.00,1.00
2016.12.09 10:12:22.222,0.94544,0.94566,1.00,1.00
2016.12.09 10:12:30.654,0.94544,0.94567,1.00,1.00
2016.12.09 10:12:32.116,0.94544,0.94568,1.00,1.00
2016.12.09 10:12:33.035,0.94544,0.94567,1.00,1.00
2016.12.09 10:12:35.279,0.94543,0.94566,1.00,1.00
2016.12.09 10:12:35.897,0.94543,0.94565,1.00,1.00
2016.12.09 10:12:36.899,0.94542,0.94564,1.00,1.00
2016.12.09 10:12:41.046,0.94542,0.94566,1.00,1.00
2016.12.09 10:12:41.873,0.94543,0.94567,1.00,1.00
2016.12.09 10:12:42.796,0.94542,0.94565,1.00,1.00
2016.12.09 10:12:45.690,0.94543,0.94565,1.00,1.00
2016.12.09 10:12:46.693,0.94543,0.94566,1.00,1.00
2016.12.09 10:12:50.505,0.94544,0.94568,1.00,1.00
2016.12.09 10:12:56.675,0.94543,0.94568,1.00,1.00
2016.12.09 10:12:57.677,0.94545,0.94567,1.00,1.00
2016.12.09 10:13:04.553,0.94546,0.94568,1.00,1.00
2016.12.09 10:13:06.993,0.94547,0.94571,1.00,1.00
2016.12.09 10:13:07.044,0.94543,0.94565,1.50,1.00
2016.12.09 10:13:07.364,0.9454,0.94562,1.00,1.00
2016.12.09 10:13:07.843,0.94536,0.94561,1.00,1.00
2016.12.09 10:13:09.477,0.94538,0.94562,1.00,1.00
2016.12.09 10:13:10.962,0.94537,0.9456,1.50,1.00
2016.12.09 10:13:11.465,0.94538,0.94561,1.00,1.00
2016.12.09 10:13:12.294,0.94537,0.94561,1.00,1.00
2016.12.09 10:13:12.880,0.94536,0.94558,1.00,1.00
2016.12.09 10:13:12.930,0.94532,0.94555,1.00,1.00
2016.12.09 10:13:12.981,0.94532,0.94553,1.00,1.00
2016.12.09 10:13:13.235,0.94528,0.94551,1.00,1.00
2016.12.09 10:13:13.462,0.94529,0.94554,1.00,1.00
2016.12.09 10:13:13.893,0.94531,0.94554,1.00,1.00
2016.12.09 10:13:15.454,0.9453,0.94552,1.00,1.00
2016.12.09 10:13:16.402,0.94528,0.94546,1.00,1.00
2016.12.09 10:13:16.663,0.94528,0.94548,1.00,1.00
2016.12.09 10:13:17.179,0.94527,0.94548,1.00,1.00
2016.12.09 10:13:17.417,0.94524,0.94547,1.00,1.00
2016.12.09 10:13:17.625,0.94526,0.94551,1.00,1.00
2016.12.09 10:13:17.726,0.94529,0.94552,1.00,1.00
2016.12.09 10:13:20.646,0.94526,0.94551,1.00,1.00
2016.12.09 10:13:20.927,0.94523,0.94548,1.00,1.00
2016.12.09 10:13:22.340,0.94527,0.94548,1.00,1.00
2016.12.09 10:13:22.541,0.94521,0.94546,1.00,1.00
2016.12.09 10:13:22.797,0.94525,0.94548,1.00,1.50
2016.12.09 10:13:22.847,0.94521,0.94546,1.00,1.00
2016.12.09 10:13:22.948,0.94519,0.94546,1.00,1.00
2016.12.09 10:13:23.267,0.94519,0.94542,1.00,1.00
2016.12.09 10:13:23.559,0.94517,0.94542,2.10,1.00
2016.12.09 10:13:24.177,0.94518,0.94542,1.00,1.00
2016.12.09 10:13:26.966,0.94516,0.94541,1.00,1.00
2016.12.09 10:13:27.017,0.94513,0.94538,1.50,1.00
2016.12.09 10:13:27.357,0.94512,0.9454,1.00,1.50
2016.12.09 10:13:28.190,0.94512,0.94537,1.00,1.00
2016.12.09 10:13:28.850,0.94513,0.94538,1.00,1.50
2016.12.09 10:13:33.092,0.94511,0.94536,1.00,1.00
2016.12.09 10:13:33.413,0.94503,0.94527,1.00,1.00
2016.12.09 10:13:34.094,0.94502,0.94524,1.00,1.00
2016.12.09 10:13:36.122,0.94503,0.94524,1.00,1.00
2016.12.09 10:13:37.724,0.94501,0.94524,1.00,1.00
2016.12.09 10:13:39.541,0.94503,0.94526,1.00,1.00
2016.12.09 10:13:39.742,0.94503,0.94528,1.00,1.00
2016.12.09 10:13:40.064,0.94503,0.94526,1.00,1.00
2016.12.09 10:13:40.545,0.94501,0.94526,1.00,1.00
2016.12.09 10:13:40.595,0.94498,0.94522,1.00,1.00
2016.12.09 10:13:40.930,0.94498,0.94517,1.00,1.00
2016.12.09 10:13:41.131,0.94493,0.94517,1.00,1.00
2016.12.09 10:13:41.885,0.94497,0.94522,1.00,1.00
2016.12.09 10:13:42.068,0.94501,0.94527,1.00,1.50
2016.12.09 10:13:42.744,0.94501,0.94528,1.00,1.00
2016.12.09 10:13:43.401,0.94501,0.94529,1.00,1.00
2016.12.09 10:13:43.453,0.94505,0.94528,1.00,1.00
2016.12.09 10:13:45.820,0.94505,0.94529,1.00,1.00
2016.12.09 10:13:47.398,0.94504,0.94527,1.00,1.00
2016.12.09 10:13:48.573,0.94508,0.94532,1.00,1.00
2016.12.09 10:13:48.624,0.9451,0.94534,1.00,1.00
2016.12.09 10:13:48.775,0.94512,0.94537,1.00,1.50
2016.12.09 10:13:48.826,0.94514,0.94537,1.00,1.00
2016.12.09 10:13:49.863,0.94511,0.94538,1.00,1.00
2016.12.09 10:13:49.917,0.94512,0.94535,1.00,1.00
2016.12.09 10:13:49.967,0.94509,0.94534,1.00,1.00
2016.12.09 10:13:50.017,0.94509,0.94532,1.00,1.00
2016.12.09 10:13:50.465,0.94512,0.94535,1.00,1.00
2016.12.09 10:13:53.218,0.94512,0.94533,1.00,1.00
2016.12.09 10:13:53.561,0.94512,0.94531,1.00,1.00
2016.12.09 10:13:53.749,0.94508,0.94531,1.00,1.00
2016.12.09 10:13:54.264,0.94508,0.9453,1.00,1.00
2016.12.09 10:13:56.452,0.94512,0.9453,1.00,1.00
2016.12.09 10:13:56.970,0.94512,0.94529,1.00,1.00
2016.12.09 10:13:57.654,0.94507,0.94529,1.00,1.00
2016.12.09 10:13:58.169,0.94507,0.94528,1.00,1.00
2016.12.09 10:13:58.877,0.94507,0.94527,1.00,1.00
2016.12.09 10:13:58.978,0.94505,0.94528,1.00,1.00
2016.12.09 10:13:59.079,0.94513,0.94536,1.00,1.00
2016.12.09 10:13:59.129,0.94513,0.94538,1.00,1.00
2016.12.09 10:13:59.946,0.94515,0.94539,1.00,1.00
2016.12.09 10:14:00.283,0.94518,0.94539,1.00,1.00
2016.12.09 10:14:00.862,0.94517,0.9454,1.50,1.00
2016.12.09 10:14:01.180,0.94513,0.94536,1.00,1.00
2016.12.09 10:14:01.519,0.94516,0.94539,1.00,1.00
2016.12.09 10:14:01.835,0.9452,0.94543,1.00,1.00
2016.12.09 10:14:01.886,0.94517,0.94545,1.00,1.00
2016.12.09 10:14:01.936,0.94517,0.94542,1.00,1.00
2016.12.09 10:14:01.987,0.94514,0.94542,1.00,1.00
2016.12.09 10:14:02.188,0.94513,0.94539,1.00,1.00
2016.12.09 10:14:02.514,0.94513,0.94537,1.00,1.00
2016.12.09 10:14:02.769,0.94514,0.94541,1.00,1.00
2016.12.09 10:14:02.870,0.94516,0.94543,1.00,1.00
2016.12.09 10:14:02.920,0.94513,0.94542,1.50,1.00
2016.12.09 10:14:03.064,0.94517,0.94542,1.00,1.00
2016.12.09 10:14:03.587,0.94517,0.94543,1.00,1.00
2016.12.09 10:14:04.210,0.94522,0.94545,1.00,1.00
2016.12.09 10:14:04.667,0.94518,0.94544,1.00,1.00
2016.12.09 10:14:05.577,0.94518,0.94541,1.00,1.00
2016.12.09 10:14:05.918,0.94518,0.94539,1.00,1.00
2016.12.09 10:14:06.170,0.94513,0.94539,1.00,1.00
2016.12.09 10:14:06.570,0.94517,0.94539,1.00,1.00
2016.12.09 10:14:07.283,0.94517,0.94538,1.00,1.00
2016.12.09 10:14:08.589,0.94518,0.94538,1.00,1.00
2016.12.09 10:14:09.273,0.94518,0.94536,1.00,1.00
2016.12.09 10:14:10.274,0.94517,0.94536,1.00,1.00
2016.12.09 10:14:11.560,0.94517,0.94534,1.00,1.00
2016.12.09 10:14:11.677,0.94513,0.94534,1.00,1.00
2016.12.09 10:14:11.777,0.94518,0.94534,1.00,1.00
2016.12.09 10:14:12.551,0.94518,0.94532,1.00,1.00
2016.12.09 10:14:12.602,0.94512,0.94532,1.00,1.00
2016.12.09 10:14:13.106,0.94513,0.94532,1.00,1.00
2016.12.09 10:14:14.180,0.94512,0.94532,1.00,1.00
2016.12.09 10:14:14.534,0.94512,0.94528,1.00,1.00
2016.12.09 10:14:15.214,0.94513,0.94529,1.00,1.00
2016.12.09 10:14:15.761,0.94513,0.94531,1.00,1.00
2016.12.09 10:14:18.331,0.94513,0.94529,1.00,1.00
2016.12.09 10:14:18.565,0.94513,0.94531,1.00,1.00
2016.12.09 10:14:26.687,0.94508,0.94531,1.00,1.00
2016.12.09 10:14:28.006,0.94508,0.9453,1.00,1.00
2016.12.09 10:14:32.432,0.94508,0.94531,1.00,1.00
2016.12.09 10:14:33.042,0.94508,0.9453,1.00,1.00
2016.12.09 10:14:33.432,0.94508,0.94532,1.00,1.00
2016.12.09 10:14:35.640,0.94508,0.9453,1.00,1.00
2016.12.09 10:14:37.108,0.94508,0.94529,1.00,1.00
2016.12.09 10:14:38.471,0.94508,0.94531,1.00,1.00
2016.12.09 10:14:39.147,0.94509,0.94532,1.00,1.00
2016.12.09 10:14:40.125,0.9451,0.94533,1.00,1.00
2016.12.09 10:14:40.456,0.94513,0.94533,1.00,1.00
2016.12.09 10:14:42.436,0.94513,0.94534,1.00,1.00
2016.12.09 10:14:42.918,0.94511,0.94534,1.00,1.00
2016.12.09 10:14:43.670,0.94512,0.94535,1.00,1.00
2016.12.09 10:14:44.351,0.94511,0.94534,1.00,1.00
2016.12.09 10:14:44.916,0.9451,0.94533,1.00,1.00
2016.12.09 10:14:48.933,0.9451,0.94534,1.00,1.00
2016.12.09 10:14:49.945,0.94511,0.94534,1.00,1.00
2016.12.09 10:14:53.633,0.94513,0.94534,1.00,1.00
2016.12.09 10:14:54.169,0.94511,0.94534,1.00,1.00
2016.12.09 10:14:55.736,0.94513,0.94534,1.00,1.00
2016.12.09 10:14:56.738,0.94512,0.94534,1.00,1.00
2016.12.09 10:14:57.555,0.94513,0.9453,1.00,1.00
2016.12.09 10:14:59.043,0.94512,0.9453,1.00,1.00
2016.12.09 10:14:59.733,0.94513,0.9453,1.00,1.00
2016.12.09 10:15:00.662,0.94513,0.94532,1.00,1.00
2016.12.09 10:15:02.572,0.94512,0.94532,1.00,1.00
2016.12.09 10:15:02.855,0.94508,0.94532,1.50,1.00
2016.12.09 10:15:03.393,0.94512,0.94535,1.00,1.00
2016.12.09 10:15:03.707,0.94513,0.94537,1.00,1.00
2016.12.09 10:15:03.807,0.94511,0.94533,1.00,1.00
2016.12.09 10:15:04.076,0.94512,0.94537,1.50,1.00
2016.12.09 10:15:04.176,0.94512,0.94534,1.00,1.00
2016.12.09 10:15:04.580,0.9451,0.94534,1.00,1.00
2016.12.09 10:15:04.652,0.94518,0.94534,1.00,1.00
2016.12.09 10:15:04.703,0.94518,0.94536,1.00,1.00
2016.12.09 10:15:04.945,0.9452,0.94542,1.00,1.00
2016.12.09 10:15:05.046,0.94518,0.9454,1.50,1.00
2016.12.09 10:15:05.385,0.94522,0.94544,1.50,1.00
2016.12.09 10:15:05.648,0.94518,0.94542,1.00,1.00
2016.12.09 10:15:05.937,0.94518,0.9454,1.00,1.00
2016.12.09 10:15:06.531,0.94519,0.94541,1.00,1.00
2016.12.09 10:15:06.854,0.94521,0.94543,1.00,1.00
2016.12.09 10:15:06.904,0.94519,0.94542,1.00,1.00
2016.12.09 10:15:07.093,0.94518,0.9454,1.50,1.00
2016.12.09 10:15:07.788,0.94519,0.94541,1.00,1.00
2016.12.09 10:15:08.392,0.94518,0.94536,1.00,1.00
2016.12.09 10:15:08.817,0.94508,0.94533,1.00,1.00
2016.12.09 10:15:09.489,0.94508,0.94531,1.00,1.00
2016.12.09 10:15:11.313,0.94507,0.94531,1.50,1.00
2016.12.09 10:15:11.946,0.94507,0.9453,1.50,1.00
2016.12.09 10:15:14.559,0.94508,0.94532,1.00,1.00
2016.12.09 10:15:14.611,0.94511,0.94533,1.00,1.00
2016.12.09 10:15:15.156,0.94512,0.94532,1.00,1.00
2016.12.09 10:15:15.277,0.94508,0.94532,1.00,1.00
2016.12.09 10:15:15.428,0.94512,0.94532,1.00,1.00
2016.12.09 10:15:16.012,0.94513,0.94534,1.00,1.00
2016.12.09 10:15:16.933,0.9451,0.94533,1.00,1.00
2016.12.09 10:15:17.918,0.94509,0.94533,1.00,1.00
2016.12.09 10:15:18.332,0.94513,0.94533,1.00,1.00
2016.12.09 10:15:18.733,0.94513,0.94535,1.50,1.00
2016.12.09 10:15:18.833,0.94514,0.94537,1.00,1.00
2016.12.09 10:15:27.070,0.94513,0.94537,1.50,1.00
2016.12.09 10:15:27.916,0.94513,0.94535,1.50,1.00
2016.12.09 10:15:28.366,0.94513,0.94532,1.00,1.00
2016.12.09 10:15:30.575,0.94513,0.94533,1.00,1.00
2016.12.09 10:15:30.646,0.94508,0.94533,1.00,1.00
2016.12.09 10:15:31.349,0.94509,0.94533,1.00,1.00
2016.12.09 10:15:31.547,0.94517,0.94533,1.00,1.00
2016.12.09 10:15:31.648,0.94509,0.94533,1.00,1.00
2016.12.09 10:15:31.749,0.94511,0.94533,1.00,1.00
2016.12.09 10:15:31.800,0.94514,0.94537,1.00,1.00
2016.12.09 10:15:31.850,0.9452,0.94543,1.00,1.00
2016.12.09 10:15:31.901,0.94518,0.94547,1.00,1.60
2016.12.09 10:15:31.951,0.94528,0.94546,1.00,1.35
2016.12.09 10:15:32.052,0.94526,0.9455,1.00,1.00
2016.12.09 10:15:32.670,0.94527,0.9455,1.00,1.00
2016.12.09 10:15:32.881,0.94528,0.94552,1.50,1.00
2016.12.09 10:15:33.075,0.94528,0.9455,1.00,1.00
2016.12.09 10:15:33.883,0.94529,0.94551,1.00,1.00
2016.12.09 10:15:34.204,0.94527,0.94549,1.50,1.00
2016.12.09 10:15:34.714,0.94528,0.9455,1.00,1.00
2016.12.09 10:15:35.324,0.94527,0.9455,1.00,1.00
2016.12.09 10:15:35.985,0.94528,0.9455,1.00,1.00
2016.12.09 10:15:40.463,0.94527,0.9455,1.00,1.00
2016.12.09 10:15:40.623,0.94524,0.94549,1.00,1.00
2016.12.09 10:15:40.673,0.94524,0.94546,1.00,1.00
2016.12.09 10:15:42.451,0.94525,0.94548,1.00,1.00
2016.12.09 10:15:48.581,0.94524,0.94546,1.00,1.00
2016.12.09 10:15:54.986,0.94526,0.9455,1.00,1.00
2016.12.09 10:15:56.125,0.94526,0.94548,1.00,1.00
2016.12.09 10:15:56.176,0.94524,0.94548,1.00,1.00
2016.12.09 10:15:56.719,0.94523,0.94547,1.50,1.00
2016.12.09 10:15:57.478,0.94524,0.94548,1.00,1.00
2016.12.09 10:15:57.579,0.94526,0.94549,1.00,1.00
2016.12.09 10:16:05.912,0.94527,0.94549,1.00,1.00
2016.12.09 10:16:09.211,0.94525,0.94549,1.00,1.00
2016.12.09 10:16:12.065,0.94525,0.9455,1.00,1.00
2016.12.09 10:16:13.067,0.94525,0.94549,1.00,1.00
2016.12.09 10:16:18.803,0.94523,0.94548,1.50,1.00
2016.12.09 10:16:19.033,0.94527,0.94548,1.00,1.00
2016.12.09 10:16:19.743,0.94527,0.94549,1.00,1.00
2016.12.09 10:16:21.551,0.94527,0.9455,1.00,1.00
2016.12.09 10:16:24.137,0.94527,0.94547,1.00,1.00
2016.12.09 10:16:24.694,0.94528,0.94547,1.00,1.00
2016.12.09 10:16:26.221,0.94528,0.94546,1.00,1.00
2016.12.09 10:16:26.658,0.94527,0.94543,1.00,1.00
2016.12.09 10:16:26.758,0.94523,0.94543,1.00,1.00
2016.12.09 10:16:27.056,0.94519,0.94543,1.00,1.00
2016.12.09 10:16:27.157,0.94518,0.9454,1.50,1.00
2016.12.09 10:16:28.918,0.94518,0.94539,1.00,1.00
2016.12.09 10:16:29.255,0.94517,0.94537,1.00,1.00
2016.12.09 10:16:29.476,0.94513,0.94535,1.50,1.00
2016.12.09 10:16:30.306,0.94512,0.94535,1.00,1.00
2016.12.09 10:16:30.826,0.94511,0.94535,1.00,1.00
2016.12.09 10:16:31.537,0.9451,0.94532,1.00,1.00
2016.12.09 10:16:32.009,0.94512,0.94535,1.00,1.00
2016.12.09 10:16:32.540,0.94512,0.94537,1.00,1.00
2016.12.09 10:16:33.931,0.94518,0.94537,1.00,1.00
2016.12.09 10:16:34.597,0.94518,0.94536,1.00,1.00
2016.12.09 10:16:34.776,0.94513,0.94535,1.00,1.00
2016.12.09 10:16:34.877,0.94512,0.94533,1.00,1.00
2016.12.09 10:16:35.473,0.94511,0.94533,1.00,1.00
2016.12.09 10:16:36.336,0.94513,0.94533,1.00,1.00
2016.12.09 10:16:36.563,0.94511,0.94533,1.00,1.00
2016.12.09 10:16:36.679,0.94512,0.94535,1.00,1.00
2016.12.09 10:16:40.123,0.94511,0.94534,1.00,1.00
2016.12.09 10:16:40.292,0.94509,0.94532,1.00,1.00
2016.12.09 10:16:40.447,0.94513,0.94537,1.00,1.00
2016.12.09 10:16:40.498,0.94517,0.94539,1.00,1.00
2016.12.09 10:16:40.598,0.94519,0.94543,1.00,1.00
2016.12.09 10:16:42.125,0.94519,0.94542,1.00,1.00
2016.12.09 10:16:43.125,0.94519,0.94541,1.00,1.00
2016.12.09 10:16:45.297,0.94517,0.94541,1.50,1.00
2016.12.09 10:16:48.053,0.94518,0.94541,1.00,1.00
2016.12.09 10:16:50.291,0.94518,0.94538,1.00,1.00
2016.12.09 10:16:55.805,0.94518,0.94537,1.00,1.00
2016.12.09 10:16:55.906,0.94514,0.94537,1.00,1.00
2016.12.09 10:16:56.465,0.94513,0.94534,1.00,1.00
2016.12.09 10:16:56.666,0.94507,0.94531,1.00,1.00
2016.12.09 10:16:56.717,0.94507,0.94528,1.00,1.00
2016.12.09 10:16:56.842,0.94507,0.9453,1.50,1.00
2016.12.09 10:16:57.406,0.94507,0.94529,1.00,1.00
2016.12.09 10:16:58.116,0.94504,0.94529,1.00,1.00
2016.12.09 10:16:59.289,0.94505,0.9453,1.00,1.00
2016.12.09 10:16:59.627,0.94507,0.9453,1.00,1.00
2016.12.09 10:17:00.269,0.94508,0.94531,1.00,1.00
2016.12.09 10:17:02.079,0.94512,0.94531,1.00,1.00
2016.12.09 10:17:03.073,0.94513,0.94531,1.00,1.00
2016.12.09 10:17:03.373,0.94508,0.94531,1.50,1.00
2016.12.09 10:17:03.718,0.94517,0.94532,1.00,1.00
2016.12.09 10:17:03.818,0.94513,0.94532,1.00,1.00
2016.12.09 10:17:04.567,0.94513,0.94534,1.00,1.00
2016.12.09 10:17:04.618,0.94518,0.94534,1.00,1.00
2016.12.09 10:17:05.122,0.94518,0.94535,1.00,1.00
2016.12.09 10:17:06.987,0.94522,0.94535,1.00,1.00
2016.12.09 10:17:07.229,0.94518,0.94535,1.00,1.00
2016.12.09 10:17:07.430,0.94513,0.94535,1.00,1.00
2016.12.09 10:17:08.182,0.94513,0.94536,1.50,1.00
2016.12.09 10:17:08.711,0.94512,0.94535,1.50,1.00
2016.12.09 10:17:09.433,0.94517,0.94535,1.00,1.00
2016.12.09 10:17:09.785,0.94512,0.94535,1.00,1.00
2016.12.09 10:17:10.361,0.94513,0.94535,1.00,1.00
2016.12.09 10:17:12.089,0.94512,0.94535,1.50,1.00
2016.12.09 10:17:14.792,0.94513,0.94535,1.00,1.00
2016.12.09 10:17:16.795,0.94512,0.94535,1.50,1.00
2016.12.09 10:17:20.662,0.94512,0.94534,1.00,1.00
2016.12.09 10:17:20.796,0.94513,0.94532,1.00,1.00
2016.12.09 10:17:20.952,0.9451,0.94532,1.00,1.00
2016.12.09 10:17:21.139,0.94513,0.94535,1.00,1.00
2016.12.09 10:17:21.679,0.94513,0.94536,1.50,1.00
2016.12.09 10:17:22.184,0.94513,0.94534,1.00,1.00
2016.12.09 10:17:23.605,0.94512,0.94534,1.50,1.00
2016.12.09 10:17:25.248,0.9451,0.94534,1.00,1.00
2016.12.09 10:17:25.308,0.94512,0.94534,1.00,1.00
2016.12.09 10:17:26.101,0.94512,0.94532,1.00,1.00
2016.12.09 10:17:27.213,0.94512,0.94535,1.00,1.00
2016.12.09 10:17:27.794,0.94513,0.94535,1.00,1.00
2016.12.09 10:17:29.062,0.94512,0.94534,1.50,1.00
2016.12.09 10:17:29.776,0.94513,0.94534,1.00,1.00
2016.12.09 10:17:31.217,0.94512,0.94534,1.00,1.00
2016.12.09 10:17:33.556,0.94513,0.94536,1.00,1.00
2016.12.09 10:17:42.244,0.94513,0.94537,1.00,1.00
2016.12.09 10:17:42.774,0.94513,0.94536,1.00,1.00
2016.12.09 10:17:43.936,0.94512,0.94536,1.00,1.00
2016.12.09 10:17:46.588,0.94511,0.94535,1.00,1.00
2016.12.09 10:17:47.143,0.94512,0.94535,1.00,1.00
2016.12.09 10:17:47.774,0.94513,0.94535,1.00,1.00
2016.12.09 10:17:51.647,0.94517,0.94535,1.00,1.00
2016.12.09 10:17:51.747,0.94513,0.94535,1.00,1.00
2016.12.09 10:17:54.293,0.94515,0.94537,1.00,1.50
2016.12.09 10:17:54.595,0.94518,0.94537,1.00,1.00
2016.12.09 10:17:55.045,0.94518,0.9454,1.00,1.00
2016.12.09 10:17:57.254,0.94516,0.9454,1.00,1.00
2016.12.09 10:17:57.757,0.94516,0.94541,1.00,1.00
2016.12.09 10:17:58.326,0.94518,0.9454,1.00,1.00
2016.12.09 10:17:58.794,0.94518,0.94538,1.00,1.00
2016.12.09 10:17:58.895,0.94514,0.94536,1.00,1.00
2016.12.09 10:17:58.996,0.94517,0.94536,1.00,1.00
2016.12.09 10:17:59.157,0.94512,0.94536,1.00,1.00
2016.12.09 10:17:59.675,0.94513,0.94536,1.00,1.00
2016.12.09 10:18:00.283,0.94513,0.94537,1.50,1.00
2016.12.09 10:18:00.334,0.94513,0.94523,1.00,1.00
2016.12.09 10:18:00.385,0.94506,0.9452,1.50,1.00
2016.12.09 10:18:00.485,0.945,0.94515,1.00,1.00
2016.12.09 10:18:00.787,0.94487,0.945,1.00,1.00
2016.12.09 10:18:00.838,0.94487,0.94505,1.00,1.00
2016.12.09 10:18:01.013,0.94479,0.94505,1.00,1.00
2016.12.09 10:18:01.264,0.94477,0.94506,1.00,1.00
2016.12.09 10:18:01.365,0.94482,0.94506,1.00,1.00
2016.12.09 10:18:01.789,0.94482,0.94503,1.00,1.00
2016.12.09 10:18:02.166,0.94482,0.94501,1.00,1.00
2016.12.09 10:18:03.164,0.94478,0.94501,1.00,1.00
2016.12.09 10:18:05.768,0.94475,0.94501,1.00,1.00
2016.12.09 10:18:05.909,0.94473,0.945,1.50,1.00
2016.12.09 10:18:06.090,0.94478,0.94501,1.00,1.00
2016.12.09 10:18:06.412,0.94478,0.94499,1.00,1.00
2016.12.09 10:18:07.468,0.94478,0.94501,1.00,1.00
2016.12.09 10:18:07.974,0.94478,0.94499,1.00,1.00
2016.12.09 10:18:08.074,0.94472,0.94499,1.50,1.00
2016.12.09 10:18:08.125,0.94473,0.94505,1.60,1.50
2016.12.09 10:18:08.276,0.94478,0.94506,1.00,1.00
2016.12.09 10:18:08.580,0.94474,0.945,1.00,1.00
2016.12.09 10:18:08.894,0.94478,0.945,1.00,1.00
2016.12.09 10:18:09.296,0.94474,0.945,1.00,1.00
2016.12.09 10:18:09.811,0.94474,0.94501,1.00,1.00
2016.12.09 10:18:09.912,0.94473,0.94499,1.00,1.00
2016.12.09 10:18:10.320,0.94478,0.94499,1.00,1.00
2016.12.09 10:18:11.159,0.94478,0.94502,1.00,1.35
2016.12.09 10:18:11.846,0.94478,0.945,1.00,1.00
2016.12.09 10:18:12.000,0.9447,0.94497,1.00,1.50
2016.12.09 10:18:12.051,0.94469,0.94495,1.00,1.00
2016.12.09 10:18:12.353,0.94471,0.94497,1.00,1.50
2016.12.09 10:18:12.658,0.94473,0.94497,1.00,1.00
2016.12.09 10:18:12.910,0.94473,0.94499,1.00,1.00
2016.12.09 10:18:13.548,0.94474,0.945,1.00,1.00
2016.12.09 10:18:14.312,0.94475,0.94504,1.00,1.50
2016.12.09 10:18:14.610,0.94477,0.94504,1.00,1.00
2016.12.09 10:18:14.937,0.94478,0.94491,1.00,1.00
2016.12.09 10:18:14.987,0.94468,0.94489,1.00,1.00
2016.12.09 10:18:15.038,0.94468,0.94485,1.00,1.00
2016.12.09 10:18:15.088,0.94458,0.94488,1.50,1.00
2016.12.09 10:18:15.139,0.94458,0.94486,1.00,1.00
2016.12.09 10:18:15.441,0.94458,0.94485,1.00,2.10
2016.12.09 10:18:15.745,0.94463,0.94485,1.00,1.60
2016.12.09 10:18:16.298,0.94463,0.94491,1.00,1.00
2016.12.09 10:18:16.487,0.94463,0.94489,1.00,1.00
2016.12.09 10:18:16.857,0.94463,0.94487,1.00,1.00
2016.12.09 10:18:17.212,0.94463,0.94491,1.00,1.00
2016.12.09 10:18:17.466,0.94463,0.94488,1.00,1.00
2016.12.09 10:18:17.567,0.94463,0.9449,1.00,1.00
2016.12.09 10:18:17.718,0.94467,0.9449,1.00,1.00
2016.12.09 10:18:18.008,0.94463,0.9449,1.00,1.00
2016.12.09 10:18:18.576,0.94463,0.94491,1.00,1.00
2016.12.09 10:18:20.278,0.94463,0.94492,1.00,1.00
2016.12.09 10:18:20.622,0.94468,0.94493,1.00,1.00
2016.12.09 10:18:21.233,0.94468,0.94491,1.00,1.00
2016.12.09 10:18:21.880,0.94467,0.94491,1.00,1.00
2016.12.09 10:18:23.745,0.94467,0.94493,1.00,1.00
2016.12.09 10:18:24.075,0.94467,0.9449,1.00,1.00
2016.12.09 10:18:24.844,0.94468,0.9449,1.00,1.00
2016.12.09 10:18:29.023,0.94468,0.94489,1.00,1.00
2016.12.09 10:18:29.907,0.94464,0.94489,1.00,1.00
2016.12.09 10:18:30.304,0.94468,0.94489,1.00,1.00
2016.12.09 10:18:32.811,0.94467,0.94489,1.00,1.00
2016.12.09 10:18:33.169,0.94467,0.94487,1.00,1.00
2016.12.09 10:18:36.250,0.94467,0.94486,1.00,1.00
2016.12.09 10:18:36.720,0.94467,0.94484,1.00,1.00
2016.12.09 10:18:38.274,0.94467,0.94485,1.00,1.00
2016.12.09 10:18:38.829,0.94467,0.94484,1.00,1.00
2016.12.09 10:18:42.865,0.94467,0.94485,1.00,1.00
2016.12.09 10:18:44.207,0.94467,0.94484,1.00,1.00
2016.12.09 10:18:44.397,0.94467,0.94486,1.00,1.00
2016.12.09 10:18:44.862,0.94467,0.94484,1.00,1.00
2016.12.09 10:18:45.475,0.94468,0.94484,1.00,1.00
2016.12.09 10:18:48.273,0.94467,0.94484,1.00,1.00
2016.12.09 10:18:49.032,0.94467,0.94483,1.00,1.00
2016.12.09 10:18:49.600,0.94467,0.94485,1.00,1.00
2016.12.09 10:18:54.182,0.94467,0.94487,1.00,1.00
2016.12.09 10:18:54.283,0.94473,0.94487,1.00,1.00
2016.12.09 10:18:54.457,0.94473,0.94492,1.00,1.50
2016.12.09 10:18:54.507,0.94473,0.94488,1.00,1.00
2016.12.09 10:18:54.558,0.94468,0.94488,1.00,1.00
2016.12.09 10:18:54.659,0.94465,0.9449,1.00,1.00
2016.12.09 10:18:54.787,0.94473,0.9449,1.00,1.00
2016.12.09 10:18:54.938,0.94468,0.9449,1.00,1.00
2016.12.09 10:18:55.039,0.94473,0.9449,1.00,1.00
2016.12.09 10:18:55.727,0.94473,0.94489,1.00,1.00
2016.12.09 10:18:57.147,0.94472,0.94489,1.00,1.00
2016.12.09 10:18:57.570,0.94472,0.94492,1.00,1.00
2016.12.09 10:18:57.620,0.94472,0.94489,1.00,1.00
2016.12.09 10:18:58.128,0.94472,0.9449,1.00,1.00
2016.12.09 10:19:00.095,0.94473,0.9449,1.00,1.00
2016.12.09 10:19:00.431,0.94473,0.94487,1.00,1.00
2016.12.09 10:19:00.482,0.94467,0.94487,1.00,1.00
2016.12.09 10:19:00.583,0.94467,0.94484,1.00,1.00
2016.12.09 10:19:01.248,0.94468,0.94484,1.00,1.00
2016.12.09 10:19:01.845,0.94468,0.94486,1.00,1.00
2016.12.09 10:19:02.353,0.94467,0.94486,1.00,1.00
2016.12.09 10:19:02.467,0.94462,0.94486,2.10,1.00
2016.12.09 10:19:03.063,0.94468,0.94486,1.00,1.00
2016.12.09 10:19:03.357,0.94462,0.94486,1.00,1.00
2016.12.09 10:19:03.558,0.94459,0.94482,1.60,1.00
2016.12.09 10:19:03.864,0.94458,0.94478,1.00,1.00
2016.12.09 10:19:04.209,0.94462,0.9448,1.00,1.00
2016.12.09 10:19:04.336,0.94462,0.94482,1.00,1.00
2016.12.09 10:19:04.436,0.94459,0.94482,1.00,1.00
2016.12.09 10:19:05.085,0.94457,0.94482,1.00,1.00
2016.12.09 10:19:05.136,0.94462,0.94482,1.00,1.00
2016.12.09 10:19:05.186,0.94462,0.94486,1.00,1.00
2016.12.09 10:19:05.287,0.94463,0.94483,1.00,1.00
2016.12.09 10:19:07.361,0.94463,0.94485,1.00,1.00
2016.12.09 10:19:07.462,0.94462,0.94487,1.00,1.00
2016.12.09 10:19:08.133,0.94463,0.94486,1.00,1.00
2016.12.09 10:19:08.234,0.94467,0.9449,1.00,1.00
2016.12.09 10:19:08.592,0.94465,0.94489,1.00,1.00
2016.12.09 10:19:08.695,0.94463,0.94488,1.00,1.00
2016.12.09 10:19:09.353,0.94465,0.94488,1.00,1.00
2016.12.09 10:19:09.403,0.94464,0.9449,1.00,1.00
2016.12.09 10:19:09.712,0.94466,0.9449,1.00,1.00
2016.12.09 10:19:10.229,0.94467,0.94489,1.00,1.00
2016.12.09 10:19:10.279,0.94468,0.94491,1.50,1.00
2016.12.09 10:19:10.330,0.94469,0.94495,1.00,1.00
2016.12.09 10:19:10.380,0.94469,0.94493,1.00,1.00
2016.12.09 10:19:10.504,0.94468,0.94497,1.00,1.50
2016.12.09 10:19:10.685,0.94468,0.94493,1.00,1.00
2016.12.09 10:19:11.227,0.94467,0.94492,1.00,1.00
2016.12.09 10:19:11.513,0.94473,0.94499,1.00,1.00
2016.12.09 10:19:11.801,0.94475,0.94503,1.00,1.50
2016.12.09 10:19:11.918,0.94474,0.945,1.00,1.00
2016.12.09 10:19:12.243,0.94477,0.94503,1.00,1.00
2016.12.09 10:19:12.777,0.94478,0.94505,1.00,1.00
2016.12.09 10:19:13.491,0.94476,0.94503,1.00,1.00
2016.12.09 10:19:13.799,0.94473,0.94497,1.00,1.00
2016.12.09 10:19:13.850,0.94473,0.94499,1.00,1.00
2016.12.09 10:19:14.001,0.94474,0.94502,1.00,2.10
2016.12.09 10:19:14.202,0.94477,0.94502,1.00,1.35
2016.12.09 10:19:14.801,0.94478,0.94504,1.00,1.60
2016.12.09 10:19:15.085,0.94478,0.94506,1.50,1.00
2016.12.09 10:19:15.404,0.9448,0.9451,1.00,1.00
2016.12.09 10:19:15.455,0.94482,0.94508,1.00,1.00
2016.12.09 10:19:15.556,0.94484,0.94511,1.00,1.35
2016.12.09 10:19:15.607,0.94482,0.94513,1.00,1.60
2016.12.09 10:19:15.657,0.94487,0.94513,1.00,1.60
2016.12.09 10:19:15.859,0.94485,0.94516,1.00,1.00
2016.12.09 10:19:15.909,0.94485,0.94508,1.00,1.00
2016.12.09 10:19:16.211,0.94469,0.94488,1.00,1.00
2016.12.09 10:19:16.261,0.94463,0.94488,1.00,1.00
2016.12.09 10:19:16.312,0.94467,0.94492,1.00,1.00
2016.12.09 10:19:16.506,0.94463,0.94492,1.00,1.50
2016.12.09 10:19:16.557,0.94463,0.94489,1.00,1.00
2016.12.09 10:19:16.859,0.94462,0.94493,1.00,2.25
2016.12.09 10:19:17.407,0.94463,0.94492,1.50,1.00
2016.12.09 10:19:17.892,0.94467,0.94496,1.00,1.35
2016.12.09 10:19:18.233,0.94467,0.94494,1.00,1.00
2016.12.09 10:19:18.741,0.94467,0.94487,1.00,1.60
2016.12.09 10:19:18.792,0.9446,0.94485,1.00,1.00
2016.12.09 10:19:18.842,0.94458,0.94483,1.00,1.00
2016.12.09 10:19:19.301,0.94458,0.94487,1.00,2.10
2016.12.09 10:19:19.411,0.94462,0.94489,1.00,1.60
2016.12.09 10:19:19.921,0.94458,0.94483,1.00,1.00
2016.12.09 10:19:20.022,0.94458,0.94485,1.00,1.00
2016.12.09 10:19:20.123,0.94462,0.94488,1.00,1.60
2016.12.09 10:19:21.103,0.94463,0.9449,1.00,2.85
2016.12.09 10:19:21.154,0.94463,0.94488,1.00,1.00
2016.12.09 10:19:21.254,0.94457,0.94488,1.50,1.00
2016.12.09 10:19:21.305,0.94462,0.94488,1.00,1.00
2016.12.09 10:19:21.836,0.94462,0.94491,1.00,1.60
2016.12.09 10:19:25.493,0.94463,0.94491,1.00,1.60
2016.12.09 10:19:29.958,0.94463,0.94486,1.00,1.00
2016.12.09 10:19:30.510,0.94462,0.94486,1.00,1.00
2016.12.09 10:19:31.008,0.94462,0.94488,1.50,1.00
2016.12.09 10:19:35.822,0.94463,0.94488,1.00,1.00
2016.12.09 10:19:41.867,0.94463,0.94485,1.00,1.00
2016.12.09 10:19:42.870,0.94462,0.94487,1.50,1.00
2016.12.09 10:19:43.870,0.94463,0.94485,1.00,1.00
2016.12.09 10:19:44.947,0.94462,0.94484,1.00,1.00
2016.12.09 10:19:45.556,0.94462,0.94483,1.00,1.00
2016.12.09 10:19:45.674,0.94462,0.94485,1.00,1.00
2016.12.09 10:19:46.217,0.94463,0.94485,1.00,1.00
2016.12.09 10:19:46.915,0.94463,0.94487,1.00,1.00
2016.12.09 10:19:47.813,0.94464,0.94486,1.00,1.00
2016.12.09 10:19:58.015,0.94464,0.94487,1.00,1.00
2016.12.09 10:19:59.808,0.94464,0.94486,1.00,1.00
2016.12.09 10:20:00.794,0.94464,0.94487,1.00,1.00
2016.12.09 10:20:01.293,0.94465,0.94489,1.00,1.00
2016.12.09 10:20:01.839,0.94469,0.94491,1.00,1.00
2016.12.09 10:20:02.861,0.94467,0.94489,1.50,1.00
2016.12.09 10:20:03.305,0.9447,0.94492,1.00,1.00
2016.12.09 10:20:03.356,0.94471,0.94495,1.00,1.00
2016.12.09 10:20:03.908,0.94472,0.94495,1.00,1.00
2016.12.09 10:20:04.046,0.9447,0.94492,1.00,1.00
2016.12.09 10:20:04.096,0.94467,0.94492,1.50,1.00
2016.12.09 10:20:04.305,0.94467,0.9449,1.00,1.00
2016.12.09 10:20:04.834,0.94468,0.94491,1.00,1.00
2016.12.09 10:20:05.102,0.94469,0.94493,1.00,1.00
2016.12.09 10:20:05.294,0.94472,0.94496,1.00,1.00
2016.12.09 10:20:05.697,0.94473,0.94499,1.00,1.00
2016.12.09 10:20:05.748,0.94476,0.945,1.00,1.35
2016.12.09 10:20:06.051,0.94478,0.945,1.00,1.00
2016.12.09 10:20:06.425,0.94478,0.94503,1.50,1.00
2016.12.09 10:20:06.766,0.94481,0.94503,1.00,1.00
2016.12.09 10:20:06.816,0.94482,0.94505,1.00,1.00
2016.12.09 10:20:06.917,0.94483,0.94507,1.00,1.00
2016.12.09 10:20:07.228,0.94485,0.94508,1.00,1.00
2016.12.09 10:20:07.278,0.94487,0.94511,1.00,1.00
2016.12.09 10:20:07.329,0.94486,0.94514,1.00,1.00
2016.12.09 10:20:07.480,0.94488,0.94513,1.00,1.00
2016.12.09 10:20:07.624,0.94488,0.94515,1.00,1.00
2016.12.09 10:20:07.775,0.9449,0.94513,1.00,1.00
2016.12.09 10:20:07.825,0.94488,0.94515,1.00,1.00
2016.12.09 10:20:07.876,0.94488,0.94512,1.50,1.00
2016.12.09 10:20:08.195,0.94483,0.94506,1.00,1.00
2016.12.09 10:20:08.396,0.94483,0.94509,1.50,1.00
2016.12.09 10:20:09.093,0.94483,0.94508,1.00,1.00
2016.12.09 10:20:09.455,0.9448,0.94508,1.00,1.00
2016.12.09 10:20:09.506,0.94479,0.94506,1.00,1.00
2016.12.09 10:20:09.556,0.94481,0.94509,1.00,1.00
2016.12.09 10:20:09.783,0.94478,0.94503,1.00,1.00
2016.12.09 10:20:10.832,0.94479,0.94506,1.00,1.00
2016.12.09 10:20:10.883,0.94481,0.94507,1.00,1.00
2016.12.09 10:20:11.085,0.94473,0.94502,1.00,1.00
2016.12.09 10:20:11.135,0.94472,0.94498,1.50,1.00
2016.12.09 10:20:11.650,0.94474,0.945,1.00,1.00
2016.12.09 10:20:12.008,0.94478,0.94506,1.00,1.00
2016.12.09 10:20:12.530,0.94478,0.94505,1.00,1.00
2016.12.09 10:20:13.010,0.94478,0.94502,1.00,1.00
2016.12.09 10:20:13.523,0.94477,0.94502,1.00,1.00
2016.12.09 10:20:13.888,0.94477,0.94504,1.00,1.00
2016.12.09 10:20:14.183,0.94478,0.94501,1.00,1.00
2016.12.09 10:20:15.057,0.94478,0.945,1.00,1.00
2016.12.09 10:20:15.309,0.94473,0.945,1.00,1.00
2016.12.09 10:20:15.794,0.94478,0.94502,1.00,1.00
2016.12.09 10:20:15.895,0.94475,0.94502,1.00,1.00
2016.12.09 10:20:16.441,0.94473,0.94499,1.00,1.00
2016.12.09 10:20:18.147,0.94474,0.945,1.00,1.00
2016.12.09 10:20:18.668,0.94473,0.94499,1.00,1.00
2016.12.09 10:20:19.170,0.94474,0.945,1.00,1.00
2016.12.09 10:20:19.691,0.94473,0.945,1.50,1.00
2016.12.09 10:20:20.072,0.94473,0.94498,1.00,1.00
2016.12.09 10:20:21.326,0.94472,0.94498,1.00,1.00
2016.12.09 10:20:22.094,0.94473,0.94498,1.00,1.00
2016.12.09 10:20:22.761,0.94473,0.94499,1.00,1.00
2016.12.09 10:20:24.214,0.94473,0.94495,1.50,1.00
2016.12.09 10:20:24.531,0.94473,0.94498,1.50,1.00
2016.12.09 10:20:24.582,0.94473,0.94495,1.00,1.00
2016.12.09 10:20:24.683,0.94468,0.94495,1.00,1.00
2016.12.09 10:20:24.834,0.94468,0.94493,1.00,1.00
2016.12.09 10:20:24.935,0.94469,0.94495,1.00,1.00
2016.12.09 10:20:25.064,0.9447,0.94498,1.00,2.25
2016.12.09 10:20:25.215,0.94472,0.94498,1.00,1.00
2016.12.09 10:20:25.744,0.94473,0.94498,1.00,1.00
2016.12.09 10:20:26.251,0.94473,0.94499,1.00,1.00
2016.12.09 10:20:26.821,0.94473,0.945,1.50,1.00
2016.12.09 10:20:27.298,0.94475,0.94501,1.00,1.00
2016.12.09 10:20:27.637,0.94473,0.94499,1.00,1.00
2016.12.09 10:20:28.387,0.94475,0.94501,1.00,1.00
2016.12.09 10:20:28.689,0.94478,0.94501,1.00,1.00
2016.12.09 10:20:28.846,0.94478,0.94506,1.50,1.50
2016.12.09 10:20:32.109,0.94478,0.94504,1.00,1.00
2016.12.09 10:20:33.039,0.94477,0.94504,1.50,1.00
2016.12.09 10:20:33.648,0.94477,0.94503,1.00,1.00
2016.12.09 10:20:34.104,0.94479,0.94501,1.00,1.00
2016.12.09 10:20:35.940,0.94483,0.94501,1.00,1.00
2016.12.09 10:20:36.101,0.94479,0.94501,1.00,1.00
2016.12.09 10:20:36.331,0.94482,0.94501,1.00,1.00
2016.12.09 10:20:36.501,0.94479,0.94501,1.00,1.00
2016.12.09 10:20:39.401,0.94476,0.94498,1.00,1.00
2016.12.09 10:20:39.653,0.94457,0.94484,1.00,1.00
2016.12.09 10:20:39.959,0.9446,0.94486,1.00,1.00
2016.12.09 10:20:40.335,0.94462,0.94486,1.00,1.00
2016.12.09 10:20:40.414,0.94462,0.94488,1.50,1.00
2016.12.09 10:20:40.995,0.94463,0.9449,1.00,1.60
2016.12.09 10:20:42.604,0.94462,0.9449,1.50,1.60
2016.12.09 10:20:43.355,0.94462,0.94487,1.00,1.00
2016.12.09 10:20:43.965,0.94463,0.94487,1.00,1.00
2016.12.09 10:20:45.014,0.94463,0.94486,1.00,1.00
2016.12.09 10:20:47.018,0.94461,0.94486,1.00,1.00
2016.12.09 10:20:47.556,0.9446,0.94482,1.00,1.00
2016.12.09 10:20:47.606,0.94458,0.94482,1.00,1.00
2016.12.09 10:20:47.939,0.9446,0.94482,1.00,1.00
2016.12.09 10:20:49.567,0.94457,0.94481,1.50,1.00
2016.12.09 10:20:49.746,0.94459,0.94482,1.00,1.00
2016.12.09 10:20:50.618,0.94461,0.94483,1.00,1.00
2016.12.09 10:20:51.612,0.94461,0.94485,1.00,1.00
2016.12.09 10:21:01.651,0.94468,0.94492,1.00,1.00
2016.12.09 10:21:02.089,0.94467,0.9449,1.00,1.00
2016.12.09 10:21:02.391,0.94464,0.94486,1.00,1.00
2016.12.09 10:21:02.604,0.94461,0.94486,1.00,1.00
2016.12.09 10:21:02.893,0.94467,0.94488,1.00,1.00
2016.12.09 10:21:02.944,0.94468,0.94492,1.00,1.00
2016.12.09 10:21:03.308,0.94471,0.94493,1.00,1.00
2016.12.09 10:21:03.359,0.94467,0.94491,1.00,1.00
2016.12.09 10:21:03.410,0.94464,0.94486,1.00,1.00
2016.12.09 10:21:05.459,0.94465,0.94489,1.00,1.00
2016.12.09 10:21:05.730,0.94462,0.94491,1.00,1.00
2016.12.09 10:21:05.780,0.94465,0.94488,1.00,1.00
2016.12.09 10:21:06.648,0.94464,0.94493,1.00,1.00
2016.12.09 10:21:06.698,0.94465,0.94491,1.00,1.00
2016.12.09 10:21:07.688,0.94464,0.94491,1.00,1.00
2016.12.09 10:21:07.839,0.9447,0.94498,1.00,1.50
2016.12.09 10:21:07.890,0.94472,0.94497,1.00,1.00
2016.12.09 10:21:08.657,0.94468,0.94495,1.00,1.00
2016.12.09 10:21:08.707,0.94468,0.94493,1.00,1.00
2016.12.09 10:21:08.758,0.94465,0.94493,1.00,1.00
2016.12.09 10:21:08.808,0.94464,0.94491,1.00,1.00
2016.12.09 10:21:08.859,0.94468,0.94497,1.00,1.50
2016.12.09 10:21:09.110,0.94468,0.94494,1.00,1.00
2016.12.09 10:21:10.328,0.94468,0.94497,1.00,1.50
2016.12.09 10:21:11.062,0.94473,0.94497,1.00,1.00
2016.12.09 10:21:11.264,0.94479,0.94507,1.00,1.00
2016.12.09 10:21:11.364,0.94479,0.94503,1.00,1.00
2016.12.09 10:21:11.888,0.94478,0.94502,1.00,1.00
2016.12.09 10:21:12.395,0.94479,0.94502,1.00,1.00
2016.12.09 10:21:12.506,0.94479,0.94505,1.00,1.00
2016.12.09 10:21:12.819,0.94481,0.94508,1.00,1.00
2016.12.09 10:21:12.870,0.94484,0.94513,1.00,1.50
2016.12.09 10:21:12.920,0.94486,0.94513,1.00,1.00
2016.12.09 10:21:13.440,0.94484,0.9451,1.00,1.00
2016.12.09 10:21:13.695,0.94488,0.94517,1.00,1.00
2016.12.09 10:21:13.746,0.94485,0.94515,1.00,1.00
2016.12.09 10:21:13.908,0.94482,0.94513,1.00,1.50
2016.12.09 10:21:14.012,0.9448,0.94511,1.00,1.00
2016.12.09 10:21:14.163,0.94472,0.94506,2.25,1.00
2016.12.09 10:21:14.214,0.94473,0.94503,1.00,1.00
2016.12.09 10:21:14.264,0.94474,0.94506,1.00,1.00
2016.12.09 10:21:14.315,0.94473,0.94503,1.00,1.00
2016.12.09 10:21:14.466,0.94474,0.94506,1.00,1.35
2016.12.09 10:21:14.617,0.94476,0.94507,1.00,1.00
2016.12.09 10:21:14.869,0.94479,0.94511,1.00,1.00
2016.12.09 10:21:15.130,0.94478,0.94508,1.50,1.00
2016.12.09 10:21:15.448,0.94478,0.94502,1.00,1.00
2016.12.09 10:21:15.498,0.94473,0.94502,1.50,1.00
2016.12.09 10:21:15.788,0.94473,0.94504,1.00,1.00
2016.12.09 10:21:16.066,0.94478,0.94504,1.00,1.00
2016.12.09 10:21:16.116,0.94478,0.94506,1.00,1.00
2016.12.09 10:21:16.617,0.94477,0.94506,1.00,1.00
2016.12.09 10:21:17.105,0.94477,0.94508,1.00,2.10
2016.12.09 10:21:17.619,0.94478,0.94507,1.00,1.00
2016.12.09 10:21:18.079,0.94482,0.94509,1.00,1.60
2016.12.09 10:21:18.327,0.94482,0.94512,1.00,1.00
2016.12.09 10:21:18.478,0.9448,0.94508,1.00,1.00
2016.12.09 10:21:18.579,0.94483,0.94512,1.00,1.50
2016.12.09 10:21:18.990,0.9448,0.94507,1.00,1.00
2016.12.09 10:21:19.513,0.94482,0.94507,1.00,1.00
2016.12.09 10:21:20.375,0.94483,0.94508,1.00,1.00
2016.12.09 10:21:20.922,0.94482,0.94508,1.00,1.50
2016.12.09 10:21:21.477,0.94483,0.94508,1.00,1.00
2016.12.09 10:21:21.683,0.94481,0.94507,1.00,1.00
2016.12.09 10:21:21.839,0.94479,0.94505,1.00,1.00
2016.12.09 10:21:21.890,0.94477,0.94505,1.50,1.00
2016.12.09 10:21:21.991,0.94477,0.94502,1.00,1.00
2016.12.09 10:21:23.382,0.94477,0.94503,1.50,1.00
2016.12.09 10:21:23.883,0.94478,0.94503,1.00,1.00
2016.12.09 10:21:27.287,0.94477,0.94503,1.50,1.00
2016.12.09 10:21:27.869,0.94478,0.94502,1.00,1.00
2016.12.09 10:21:28.677,0.94478,0.94501,1.00,1.00
2016.12.09 10:21:33.392,0.94478,0.94498,1.00,1.00
2016.12.09 10:21:33.608,0.94473,0.94498,1.50,1.00
2016.12.09 10:21:33.810,0.94477,0.94498,1.00,1.00
2016.12.09 10:21:34.470,0.94477,0.94499,1.50,1.00
2016.12.09 10:21:35.704,0.94478,0.94501,1.50,1.00
2016.12.09 10:21:39.323,0.94478,0.945,1.00,1.00
2016.12.09 10:21:45.011,0.94478,0.945,1.50,1.60
2016.12.09 10:21:45.163,0.94473,0.94493,1.00,1.00
2016.12.09 10:21:45.213,0.94473,0.94495,1.50,1.00
2016.12.09 10:21:45.314,0.94474,0.94497,1.00,1.00
2016.12.09 10:21:45.415,0.94477,0.94497,1.00,1.00
2016.12.09 10:21:46.014,0.94477,0.94498,1.00,1.00
2016.12.09 10:21:46.724,0.94477,0.94499,1.00,1.00
2016.12.09 10:21:53.023,0.94478,0.94499,1.00,1.00
2016.12.09 10:21:57.755,0.94478,0.94498,1.00,1.00
2016.12.09 10:21:58.831,0.94476,0.94498,1.00,1.00
2016.12.09 10:21:59.833,0.94477,0.94498,1.00,1.00
2016.12.09 10:22:01.782,0.94477,0.945,1.00,1.00
2016.12.09 10:22:02.303,0.94477,0.94501,1.50,1.00
2016.12.09 10:22:05.867,0.94477,0.94498,1.00,1.00
2016.12.09 10:22:06.499,0.94476,0.94498,1.00,1.00
2016.12.09 10:22:11.150,0.94477,0.94498,1.00,1.00
2016.12.09 10:22:11.706,0.94479,0.94501,1.00,1.00
2016.12.09 10:22:11.757,0.94485,0.94507,1.00,1.60
2016.12.09 10:22:11.808,0.94483,0.9451,1.00,1.60
2016.12.09 10:22:11.858,0.94492,0.94511,1.00,1.00
2016.12.09 10:22:11.909,0.94492,0.94516,1.00,1.50
2016.12.09 10:22:12.013,0.94489,0.94514,1.00,1.00
2016.12.09 10:22:12.926,0.94489,0.94513,1.00,1.00
2016.12.09 10:22:13.934,0.94488,0.94513,1.50,1.00
2016.12.09 10:22:22.440,0.9449,0.94513,1.00,1.00
2016.12.09 10:22:23.028,0.94488,0.9451,1.00,1.00
2016.12.09 10:22:23.180,0.94489,0.94512,1.00,1.00
2016.12.09 10:22:23.921,0.94489,0.94514,1.00,1.00
2016.12.09 10:22:28.316,0.94491,0.94513,1.00,1.00
2016.12.09 10:22:33.067,0.94491,0.94514,1.00,1.00
2016.12.09 10:22:33.643,0.94492,0.94515,1.00,1.00
2016.12.09 10:22:37.787,0.94493,0.94515,1.00,1.00
2016.12.09 10:22:38.338,0.94494,0.94516,1.00,1.00
2016.12.09 10:22:38.477,0.94491,0.94516,1.00,1.00
2016.12.09 10:22:38.578,0.94491,0.94513,1.00,1.00
2016.12.09 10:22:43.311,0.9449,0.94512,1.00,1.00
2016.12.09 10:22:43.615,0.94488,0.9451,1.00,1.00
2016.12.09 10:22:44.351,0.94487,0.94509,1.00,1.00
2016.12.09 10:22:44.784,0.94484,0.94506,1.00,1.00
2016.12.09 10:22:45.341,0.94483,0.94505,1.50,1.00
2016.12.09 10:22:46.099,0.94487,0.94505,1.00,1.00
2016.12.09 10:22:46.545,0.94483,0.94505,1.50,1.00
2016.12.09 10:22:46.796,0.94481,0.94503,1.00,1.00
2016.12.09 10:22:47.108,0.94482,0.94505,1.00,1.00
2016.12.09 10:22:47.781,0.94482,0.94506,1.00,1.00
2016.12.09 10:22:50.021,0.94483,0.94506,1.00,1.00
2016.12.09 10:22:50.572,0.94482,0.94506,1.50,1.00
2016.12.09 10:22:53.417,0.94483,0.94506,1.00,1.00
2016.12.09 10:22:53.994,0.94484,0.94508,1.00,1.00
2016.12.09 10:22:54.095,0.94486,0.94508,1.00,1.00
2016.12.09 10:22:55.840,0.94483,0.94507,1.50,1.00
2016.12.09 10:22:58.391,0.94483,0.94508,1.50,1.00
2016.12.09 10:23:00.244,0.94488,0.94508,1.00,1.00
2016.12.09 10:23:00.750,0.94487,0.94509,1.00,1.00
2016.12.09 10:23:01.826,0.94488,0.94509,1.00,1.00
2016.12.09 10:23:04.632,0.94485,0.94509,1.00,1.00
2016.12.09 10:23:10.539,0.94487,0.94509,1.00,1.00
2016.12.09 10:23:10.661,0.94486,0.94511,1.00,1.00
2016.12.09 10:23:11.462,0.94487,0.94511,1.00,1.00
2016.12.09 10:23:11.966,0.94488,0.94512,1.00,1.00
2016.12.09 10:23:12.776,0.94488,0.94513,1.00,1.00
2016.12.09 10:23:13.766,0.94489,0.94511,1.00,1.00
2016.12.09 10:23:14.589,0.94488,0.9451,1.00,1.00
2016.12.09 10:23:21.823,0.94486,0.94509,1.00,1.00
2016.12.09 10:23:21.874,0.94488,0.94509,1.00,1.00
2016.12.09 10:23:22.075,0.94486,0.94509,1.00,1.00
2016.12.09 10:23:23.656,0.94488,0.94509,1.00,1.00
2016.12.09 10:23:23.957,0.94486,0.94509,1.00,1.00
2016.12.09 10:23:27.861,0.94488,0.94509,1.00,1.00
2016.12.09 10:23:28.455,0.94488,0.94508,1.00,1.00
2016.12.09 10:23:32.566,0.94486,0.94508,1.00,1.00
2016.12.09 10:23:32.815,0.94487,0.94511,1.00,1.00
2016.12.09 10:23:33.165,0.94493,0.94511,1.00,1.00
2016.12.09 10:23:33.480,0.94493,0.94513,1.00,1.00
2016.12.09 10:23:33.985,0.94492,0.94514,1.50,1.00
2016.12.09 10:23:34.646,0.94493,0.94514,1.00,1.00
2016.12.09 10:23:35.180,0.94492,0.94514,1.50,1.00
2016.12.09 10:23:36.273,0.94493,0.94514,1.00,1.00
2016.12.09 10:23:36.842,0.94492,0.94513,1.00,1.00
2016.12.09 10:23:37.374,0.94493,0.94513,1.00,1.00
2016.12.09 10:23:38.195,0.94493,0.94514,1.00,1.00
2016.12.09 10:23:38.699,0.94493,0.94515,1.50,1.00
2016.12.09 10:23:39.267,0.94493,0.94514,1.00,1.00
2016.12.09 10:23:40.579,0.94492,0.94514,1.00,1.00
2016.12.09 10:23:41.247,0.94493,0.94514,1.00,1.00
2016.12.09 10:23:42.212,0.94491,0.94514,1.00,1.00
2016.12.09 10:23:43.465,0.94491,0.94513,1.00,1.00
2016.12.09 10:23:44.097,0.94492,0.94513,1.00,1.00
2016.12.09 10:23:44.897,0.94493,0.94513,1.00,1.00
2016.12.09 10:23:45.468,0.94492,0.94513,1.00,1.00
2016.12.09 10:23:47.417,0.94493,0.94513,1.00,1.00
2016.12.09 10:23:47.918,0.94492,0.94513,1.00,1.00
2016.12.09 10:23:48.812,0.94491,0.94513,1.00,1.00
2016.12.09 10:23:48.913,0.94487,0.9451,1.00,1.00
2016.12.09 10:23:49.013,0.94486,0.94508,1.00,1.00
2016.12.09 10:23:49.815,0.94487,0.94509,1.00,1.00
2016.12.09 10:23:50.941,0.94493,0.94509,1.00,1.00
2016.12.09 10:23:50.993,0.94487,0.94509,1.50,1.00
2016.12.09 10:23:51.726,0.94488,0.94511,1.00,1.00
2016.12.09 10:23:52.302,0.94489,0.94512,1.00,1.00
2016.12.09 10:23:55.650,0.94487,0.94511,1.00,1.00
2016.12.09 10:23:55.701,0.94483,0.94511,1.00,1.00
2016.12.09 10:23:55.751,0.94484,0.94508,1.00,1.00
2016.12.09 10:23:56.135,0.94486,0.9451,1.00,1.00
2016.12.09 10:23:56.484,0.94488,0.94511,1.00,1.00
2016.12.09 10:23:56.812,0.94492,0.94514,1.00,1.00
2016.12.09 10:23:56.912,0.94489,0.94513,1.00,1.00
2016.12.09 10:23:56.963,0.94488,0.9451,1.50,1.00
2016.12.09 10:23:57.277,0.94483,0.94505,1.00,1.00
2016.12.09 10:23:57.378,0.9448,0.94504,1.00,1.00
2016.12.09 10:23:58.016,0.9448,0.94506,1.00,1.00
2016.12.09 10:23:58.156,0.94482,0.94504,1.00,1.00
2016.12.09 10:23:59.011,0.94483,0.94504,1.00,1.00
2016.12.09 10:23:59.517,0.94482,0.94504,1.00,1.00
2016.12.09 10:24:02.574,0.9448,0.94503,1.00,1.00
2016.12.09 10:24:02.725,0.94483,0.94502,1.00,1.00
2016.12.09 10:24:03.676,0.94483,0.94503,1.00,1.00
2016.12.09 10:24:04.016,0.94479,0.94503,1.00,1.00
2016.12.09 10:24:04.217,0.94478,0.945,1.00,1.00
2016.12.09 10:24:05.294,0.94479,0.94501,1.00,1.00
2016.12.09 10:24:06.080,0.94477,0.94501,1.00,1.00
2016.12.09 10:24:09.222,0.94478,0.94501,1.00,1.00
2016.12.09 10:24:09.834,0.94478,0.94502,1.50,1.00
2016.12.09 10:24:10.134,0.94472,0.94492,1.00,1.00
2016.12.09 10:24:10.185,0.94469,0.94492,1.00,1.00
2016.12.09 10:24:10.235,0.94471,0.94492,1.00,1.00
2016.12.09 10:24:10.336,0.94472,0.94495,1.00,1.00
2016.12.09 10:24:12.323,0.94473,0.94498,1.00,1.00
2016.12.09 10:24:12.374,0.94473,0.945,1.00,1.00
2016.12.09 10:24:12.424,0.94472,0.94498,1.00,1.00
2016.12.09 10:24:12.743,0.94472,0.94495,1.00,1.00
2016.12.09 10:24:13.434,0.94473,0.94495,1.00,1.00
2016.12.09 10:24:14.164,0.94473,0.94496,1.00,1.00
2016.12.09 10:24:14.616,0.94473,0.94496,1.00,1.60
2016.12.09 10:24:14.667,0.94468,0.94496,1.00,1.60
2016.12.09 10:24:14.717,0.94468,0.94492,1.00,1.00
2016.12.09 10:24:14.768,0.94468,0.94494,1.00,1.35
2016.12.09 10:24:14.983,0.94471,0.94495,1.00,1.60
2016.12.09 10:24:15.511,0.94471,0.94495,1.00,1.00
2016.12.09 10:24:15.837,0.94473,0.94495,1.00,1.00
2016.12.09 10:24:16.833,0.94471,0.94495,1.00,1.00
2016.12.09 10:24:21.450,0.94468,0.94494,1.00,2.85
2016.12.09 10:24:21.827,0.94471,0.94493,1.00,1.00
2016.12.09 10:24:22.441,0.94471,0.94495,1.00,1.00
2016.12.09 10:24:23.760,0.94472,0.94495,1.00,1.00
2016.12.09 10:24:24.847,0.94471,0.94495,1.00,1.00
2016.12.09 10:24:28.055,0.94472,0.94495,1.00,1.00
2016.12.09 10:24:28.612,0.94472,0.94495,1.00,1.60
2016.12.09 10:24:28.663,0.94468,0.94495,1.00,1.60
2016.12.09 10:24:29.045,0.94471,0.94495,1.00,1.60
2016.12.09 10:24:29.311,0.94471,0.94495,1.00,1.00
2016.12.09 10:24:29.453,0.94471,0.94492,1.00,1.00
2016.12.09 10:24:35.562,0.94471,0.94495,1.00,1.00
2016.12.09 10:24:35.662,0.94473,0.94496,1.00,1.00
2016.12.09 10:24:36.242,0.94473,0.94497,1.00,1.00
2016.12.09 10:24:36.596,0.9448,0.94502,1.00,1.50
2016.12.09 10:24:37.111,0.94482,0.94502,1.00,1.00
2016.12.09 10:24:37.403,0.94484,0.94506,1.00,1.00
2016.12.09 10:24:37.865,0.94484,0.94502,1.00,1.00
2016.12.09 10:24:38.335,0.94484,0.94506,1.00,1.00
2016.12.09 10:24:40.696,0.94485,0.94507,1.00,1.00
2016.12.09 10:24:41.695,0.94486,0.94507,1.00,1.00
2016.12.09 10:24:43.585,0.94485,0.94507,1.00,1.00
2016.12.09 10:24:43.937,0.94481,0.94504,1.00,1.00
2016.12.09 10:24:44.088,0.94479,0.94502,1.00,1.00
2016.12.09 10:24:44.142,0.94476,0.94501,1.00,1.00
2016.12.09 10:24:44.192,0.94478,0.94501,1.00,1.00
2016.12.09 10:24:44.512,0.94476,0.94501,1.00,1.00
2016.12.09 10:24:45.098,0.94477,0.945,1.00,1.00
2016.12.09 10:24:50.796,0.94478,0.94501,1.00,1.00
2016.12.09 10:24:51.082,0.94478,0.94498,1.00,1.00
2016.12.09 10:24:51.311,0.94478,0.94501,1.00,1.00
2016.12.09 10:24:51.834,0.94479,0.94502,1.00,1.00
2016.12.09 10:24:53.036,0.94477,0.94502,1.00,1.00
2016.12.09 10:24:53.516,0.9448,0.94503,1.00,1.50
2016.12.09 10:24:59.795,0.9448,0.94502,1.00,1.00
2016.12.09 10:25:00.297,0.9448,0.94503,1.00,1.50
2016.12.09 10:25:02.606,0.9448,0.94505,1.00,1.00
2016.12.09 10:25:04.313,0.94478,0.94501,1.00,1.00
2016.12.09 10:25:04.728,0.94478,0.94504,1.00,1.00
2016.12.09 10:25:06.039,0.94483,0.94504,1.00,1.00
2016.12.09 10:25:06.544,0.94482,0.94504,1.00,1.00
2016.12.09 10:25:11.615,0.94478,0.94503,1.00,1.00
2016.12.09 10:25:13.111,0.94479,0.94502,1.00,1.00
2016.12.09 10:25:13.163,0.94483,0.94502,1.00,1.00
2016.12.09 10:25:13.417,0.94479,0.94502,1.00,1.50
2016.12.09 10:25:14.330,0.94472,0.94502,1.00,1.72
2016.12.09 10:25:14.431,0.94473,0.94498,1.00,1.00
2016.12.09 10:25:14.733,0.94472,0.94494,1.00,1.00
2016.12.09 10:25:17.562,0.9447,0.94494,1.00,1.00
2016.12.09 10:25:17.844,0.94473,0.94494,1.00,1.00
2016.12.09 10:25:18.166,0.9447,0.94494,1.00,1.00
2016.12.09 10:25:19.982,0.94468,0.94485,1.00,1.00
2016.12.09 10:25:20.032,0.94463,0.94483,1.00,1.00
2016.12.09 10:25:20.133,0.94458,0.94483,1.00,1.00
2016.12.09 10:25:21.037,0.94458,0.9448,1.50,1.00
2016.12.09 10:25:22.029,0.94458,0.94482,1.50,1.00
2016.12.09 10:25:22.875,0.94462,0.94482,1.00,1.00
2016.12.09 10:25:23.448,0.94463,0.94482,1.00,1.00
2016.12.09 10:25:23.934,0.94458,0.94482,1.50,1.00
2016.12.09 10:25:25.537,0.94462,0.94482,1.00,1.00
2016.12.09 10:25:25.938,0.94458,0.94482,1.50,1.00
2016.12.09 10:25:26.767,0.94459,0.94482,1.00,1.00
2016.12.09 10:25:28.176,0.94459,0.94481,1.00,1.00
2016.12.09 10:25:28.713,0.9446,0.94484,1.00,1.00
2016.12.09 10:25:28.941,0.94462,0.94484,1.00,1.00
2016.12.09 10:25:29.543,0.94463,0.94484,1.00,1.00
2016.12.09 10:25:30.123,0.94463,0.94485,1.00,1.00
2016.12.09 10:25:30.683,0.94462,0.94485,1.00,1.00
2016.12.09 10:25:32.846,0.94463,0.94485,1.00,1.00
2016.12.09 10:25:34.289,0.94463,0.94483,1.00,1.00
2016.12.09 10:25:34.340,0.94463,0.94487,1.00,1.60
2016.12.09 10:25:34.390,0.94454,0.94476,1.00,1.00
2016.12.09 10:25:34.591,0.94448,0.94471,1.00,1.00
2016.12.09 10:25:35.639,0.94452,0.94476,1.00,1.00
2016.12.09 10:25:36.169,0.94453,0.94476,1.00,1.00
2016.12.09 10:25:36.748,0.94454,0.94476,1.00,1.00
2016.12.09 10:25:40.014,0.94456,0.94478,1.00,1.00
2016.12.09 10:25:40.709,0.94457,0.94478,1.00,1.00
2016.12.09 10:25:41.369,0.94458,0.94478,1.00,1.00
2016.12.09 10:25:41.799,0.94454,0.94476,1.00,1.00
2016.12.09 10:25:44.617,0.94453,0.94475,1.00,1.00
2016.12.09 10:25:44.667,0.94453,0.94472,1.00,1.00
2016.12.09 10:25:44.868,0.9445,0.94472,1.00,1.00
2016.12.09 10:25:45.064,0.94453,0.94472,1.00,1.00
2016.12.09 10:25:45.585,0.94453,0.94473,1.00,1.00
2016.12.09 10:25:46.056,0.94453,0.94475,1.50,1.00
2016.12.09 10:25:46.385,0.94454,0.94478,1.00,1.00
2016.12.09 10:25:46.588,0.94456,0.9448,1.00,1.00
2016.12.09 10:25:46.890,0.94461,0.94484,1.00,1.00
2016.12.09 10:25:46.947,0.94458,0.94483,1.50,1.00
2016.12.09 10:25:47.523,0.94458,0.94477,1.00,1.00
2016.12.09 10:25:47.574,0.94455,0.94477,1.00,1.00
2016.12.09 10:25:47.822,0.94457,0.94479,1.00,1.00
2016.12.09 10:25:48.330,0.94458,0.94479,1.00,1.00
2016.12.09 10:25:49.555,0.94458,0.94482,1.50,1.00
2016.12.09 10:25:49.605,0.9446,0.94482,1.00,1.00
2016.12.09 10:25:49.706,0.94458,0.94481,1.00,1.00
2016.12.09 10:25:49.907,0.94458,0.94478,1.00,1.00
2016.12.09 10:25:51.025,0.94458,0.94477,1.00,1.00
2016.12.09 10:25:51.724,0.94457,0.94477,1.00,1.00
2016.12.09 10:25:52.953,0.94457,0.94478,1.00,1.00
2016.12.09 10:25:55.486,0.94458,0.94479,1.00,1.00
2016.12.09 10:25:55.536,0.94458,0.94482,1.00,1.00
2016.12.09 10:25:55.738,0.94458,0.94476,1.00,1.00
2016.12.09 10:25:55.788,0.9445,0.94472,1.00,1.00
2016.12.09 10:25:55.989,0.94453,0.94472,1.00,1.00
2016.12.09 10:25:57.463,0.94453,0.9447,1.00,1.00
2016.12.09 10:25:57.514,0.94448,0.9447,1.50,1.00
2016.12.09 10:25:58.464,0.94449,0.94474,1.00,1.00
2016.12.09 10:25:58.514,0.94452,0.94474,1.00,1.00
2016.12.09 10:25:59.454,0.94453,0.94475,1.00,1.00
2016.12.09 10:26:00.375,0.94455,0.94478,1.00,1.00
2016.12.09 10:26:00.883,0.94454,0.94477,1.00,1.00
2016.12.09 10:26:01.667,0.94455,0.94477,1.00,1.00
2016.12.09 10:26:02.114,0.94456,0.9448,1.00,1.00
2016.12.09 10:26:02.215,0.94458,0.94482,1.00,1.00
2016.12.09 10:26:03.111,0.94458,0.94481,1.00,1.00
2016.12.09 10:26:04.113,0.94458,0.9448,1.00,1.00
2016.12.09 10:26:06.330,0.94458,0.94478,1.00,1.00
2016.12.09 10:26:06.538,0.94458,0.94482,1.50,1.00
2016.12.09 10:26:06.990,0.9446,0.94482,1.00,1.00
2016.12.09 10:26:07.679,0.94461,0.94483,1.00,1.00
2016.12.09 10:26:07.837,0.94463,0.94486,1.00,1.00
2016.12.09 10:26:07.999,0.94464,0.94488,1.00,1.00
2016.12.09 10:26:08.691,0.94463,0.94486,1.00,1.00
2016.12.09 10:26:10.651,0.94457,0.94479,1.50,1.00
2016.12.09 10:26:10.957,0.94459,0.94481,1.00,1.00
2016.12.09 10:26:11.259,0.94461,0.94483,1.00,1.00
2016.12.09 10:26:11.626,0.94461,0.94485,1.00,1.00
2016.12.09 10:26:12.021,0.94464,0.94487,1.00,1.00
2016.12.09 10:26:12.562,0.94463,0.94486,1.50,1.00
2016.12.09 10:26:13.171,0.94463,0.94485,1.00,1.00
2016.12.09 10:26:13.316,0.9446,0.94485,1.00,1.00
2016.12.09 10:26:14.301,0.94461,0.94485,1.00,1.00
2016.12.09 10:26:15.779,0.94461,0.94483,1.00,1.00
2016.12.09 10:26:16.131,0.94463,0.94485,1.00,1.00
2016.12.09 10:26:16.448,0.94463,0.94481,1.00,1.00
2016.12.09 10:26:18.428,0.94458,0.94481,1.00,1.00
2016.12.09 10:26:18.756,0.94462,0.94481,1.00,1.00
2016.12.09 10:26:19.516,0.94462,0.9448,1.00,1.00
2016.12.09 10:26:19.567,0.94462,0.94483,1.00,1.00
2016.12.09 10:26:19.667,0.94462,0.94486,1.00,1.00
2016.12.09 10:26:19.718,0.94462,0.94483,1.00,1.00
2016.12.09 10:26:19.769,0.94459,0.94483,1.00,1.00
2016.12.09 10:26:20.557,0.94459,0.94485,1.00,1.00
2016.12.09 10:26:20.608,0.94461,0.94483,1.00,1.00
2016.12.09 10:26:20.757,0.94461,0.94485,1.00,1.00
2016.12.09 10:26:22.685,0.94462,0.94486,1.00,1.00
2016.12.09 10:26:23.728,0.94463,0.94486,1.00,1.00
2016.12.09 10:26:23.963,0.9446,0.94486,1.00,1.00
2016.12.09 10:26:24.014,0.9446,0.94482,1.00,1.00
2016.12.09 10:26:24.065,0.94458,0.94481,1.00,1.00
2016.12.09 10:26:24.116,0.94458,0.94479,1.00,1.00
2016.12.09 10:26:24.267,0.94456,0.94479,1.00,1.00
2016.12.09 10:26:24.639,0.94457,0.94481,1.50,1.00
2016.12.09 10:26:25.039,0.94458,0.94483,1.00,1.00
2016.12.09 10:26:26.467,0.9446,0.94485,1.00,1.00
2016.12.09 10:26:27.007,0.94461,0.94486,1.00,1.00
2016.12.09 10:26:27.455,0.94463,0.94485,1.00,1.00
2016.12.09 10:26:28.470,0.94464,0.94488,1.00,1.00
2016.12.09 10:26:28.571,0.94466,0.9449,1.00,1.00
2016.12.09 10:26:29.075,0.94467,0.94491,1.00,1.00
2016.12.09 10:26:29.614,0.94467,0.94492,1.00,1.50
2016.12.09 10:26:30.104,0.94469,0.94492,1.00,1.50
2016.12.09 10:26:30.485,0.94467,0.94491,1.00,1.00
2016.12.09 10:26:31.171,0.94467,0.9449,1.00,1.00
2016.12.09 10:26:33.026,0.94462,0.94491,1.00,1.00
2016.12.09 10:26:33.126,0.94461,0.94485,1.00,1.00
2016.12.09 10:26:33.177,0.94459,0.94485,1.00,1.00
2016.12.09 10:26:33.278,0.94468,0.94485,1.00,1.00
2016.12.09 10:26:33.479,0.94459,0.94482,1.00,1.00
2016.12.09 10:26:33.580,0.94462,0.94482,1.00,1.00
2016.12.09 10:26:34.290,0.94462,0.94483,1.00,1.00
2016.12.09 10:26:35.419,0.94462,0.94484,1.00,1.00
2016.12.09 10:26:37.479,0.94463,0.94484,1.00,1.00
2016.12.09 10:26:37.763,0.94458,0.94484,1.00,1.00
2016.12.09 10:26:38.148,0.94463,0.94484,1.00,1.00
2016.12.09 10:26:38.375,0.94459,0.94483,1.00,1.00
2016.12.09 10:26:40.104,0.94462,0.94485,1.00,1.00
2016.12.09 10:26:40.418,0.94459,0.94481,1.00,1.00
2016.12.09 10:26:44.867,0.94461,0.94484,1.00,1.00
2016.12.09 10:26:44.924,0.94463,0.94485,1.00,1.00
2016.12.09 10:26:45.228,0.94465,0.94487,1.00,1.00
2016.12.09 10:26:45.823,0.94463,0.94487,1.00,1.00
2016.12.09 10:26:46.717,0.94463,0.94485,1.00,1.00
2016.12.09 10:26:48.084,0.94463,0.94483,1.00,1.00
2016.12.09 10:26:48.496,0.94463,0.94481,1.00,1.00
2016.12.09 10:26:49.236,0.94462,0.94481,1.00,1.00
2016.12.09 10:26:49.782,0.94456,0.94481,1.00,1.00
2016.12.09 10:26:49.843,0.94459,0.94481,1.00,1.00
2016.12.09 10:26:49.894,0.9446,0.94483,1.00,1.00
2016.12.09 10:26:50.665,0.94463,0.94483,1.00,1.00
2016.12.09 10:26:50.765,0.9446,0.94483,1.00,1.00
2016.12.09 10:26:50.847,0.94458,0.94483,1.00,1.00
2016.12.09 10:26:51.300,0.94462,0.94483,1.00,1.00
2016.12.09 10:26:51.401,0.94458,0.94483,1.00,1.00
2016.12.09 10:26:51.849,0.9446,0.94482,1.00,1.00
2016.12.09 10:26:52.605,0.94463,0.94482,1.00,1.00
2016.12.09 10:26:52.705,0.9446,0.94482,1.00,1.00
2016.12.09 10:26:53.184,0.94462,0.94481,1.00,1.00
2016.12.09 10:26:53.405,0.94459,0.94481,1.00,1.00
2016.12.09 10:26:58.356,0.94458,0.94483,1.00,1.00
2016.12.09 10:26:58.857,0.9446,0.94483,1.00,1.00
2016.12.09 10:27:00.100,0.94459,0.94482,1.00,1.00
2016.12.09 10:27:00.731,0.9446,0.94483,1.00,1.00
2016.12.09 10:27:01.060,0.94463,0.94483,1.00,1.00
2016.12.09 10:27:01.111,0.94461,0.94483,1.00,1.00
2016.12.09 10:27:01.688,0.94462,0.94484,1.00,1.00
2016.12.09 10:27:01.788,0.94465,0.94487,1.00,1.00
2016.12.09 10:27:02.481,0.94463,0.94486,1.00,1.00
2016.12.09 10:27:03.958,0.94463,0.94484,1.00,1.00
2016.12.09 10:27:05.322,0.94462,0.94484,1.00,1.00
2016.12.09 10:27:05.911,0.94463,0.94483,1.00,1.00
2016.12.09 10:27:06.289,0.94461,0.94483,1.00,1.00
2016.12.09 10:27:06.514,0.94461,0.94486,1.00,1.00
2016.12.09 10:27:06.565,0.94463,0.94486,1.00,1.00
2016.12.09 10:27:06.889,0.94467,0.94489,1.00,1.00
2016.12.09 10:27:07.455,0.94468,0.9449,1.00,1.00
2016.12.09 10:27:10.719,0.9447,0.94494,1.00,1.00
2016.12.09 10:27:11.448,0.94469,0.94492,1.00,1.00
2016.12.09 10:27:11.834,0.94468,0.9449,1.00,1.00
2016.12.09 10:27:13.512,0.94469,0.94491,1.00,1.00
2016.12.09 10:27:17.981,0.9447,0.94492,1.00,1.00
2016.12.09 10:27:18.982,0.9447,0.94493,1.00,1.00
2016.12.09 10:27:19.303,0.94469,0.94491,1.00,1.00
2016.12.09 10:27:19.842,0.94468,0.9449,1.00,1.00
2016.12.09 10:27:19.943,0.94465,0.94489,1.00,1.00
2016.12.09 10:27:19.994,0.94464,0.94487,1.00,1.00
2016.12.09 10:27:23.252,0.94462,0.94485,1.00,1.00
2016.12.09 10:27:24.197,0.94463,0.94487,1.00,1.00
2016.12.09 10:27:24.247,0.94465,0.94488,1.00,1.00
2016.12.09 10:27:27.528,0.94467,0.94488,1.00,1.00
2016.12.09 10:27:27.870,0.94465,0.94488,1.00,1.00
2016.12.09 10:27:28.427,0.94466,0.94488,1.00,1.00
2016.12.09 10:27:29.424,0.94466,0.94489,1.00,1.00
2016.12.09 10:27:32.434,0.94468,0.94489,1.00,1.00
2016.12.09 10:27:33.134,0.94466,0.94489,1.00,1.00
2016.12.09 10:27:34.837,0.94464,0.94488,1.00,1.00
2016.12.09 10:27:35.055,0.94466,0.94489,1.00,1.00
2016.12.09 10:27:35.397,0.94462,0.94487,1.00,1.00
2016.12.09 10:27:36.411,0.94464,0.94486,1.00,1.00
2016.12.09 10:27:42.823,0.94463,0.94488,1.00,1.00
2016.12.09 10:27:43.947,0.94464,0.94486,1.00,1.00
2016.12.09 10:27:51.863,0.94464,0.94488,1.00,1.00
2016.12.09 10:27:52.159,0.94468,0.94488,1.00,1.00
2016.12.09 10:27:54.300,0.94467,0.94488,1.00,1.00
2016.12.09 10:27:55.282,0.94464,0.94488,1.00,1.00
2016.12.09 10:27:55.383,0.94468,0.94488,1.00,1.00
2016.12.09 10:27:57.967,0.94464,0.94488,1.00,1.50
2016.12.09 10:27:58.476,0.94465,0.94487,1.00,1.00
2016.12.09 10:27:59.269,0.94467,0.94488,1.00,1.00
2016.12.09 10:27:59.854,0.94467,0.94487,1.00,1.00
2016.12.09 10:28:03.712,0.94467,0.94487,1.60,1.00
2016.12.09 10:28:03.763,0.94467,0.94497,1.60,1.00
2016.12.09 10:28:03.864,0.94469,0.94492,1.00,1.00
2016.12.09 10:28:03.915,0.94467,0.94491,1.50,1.00
2016.12.09 10:28:04.295,0.94472,0.94491,1.00,1.00
2016.12.09 10:28:04.397,0.94468,0.94491,1.00,1.00
2016.12.09 10:28:04.905,0.94469,0.94491,1.00,1.00
2016.12.09 10:28:07.696,0.94468,0.94493,1.00,1.00
2016.12.09 10:28:08.759,0.94469,0.94491,1.00,1.00
2016.12.09 10:28:08.860,0.94467,0.9449,1.00,1.00
2016.12.09 10:28:09.584,0.94468,0.9449,1.00,1.00
2016.12.09 10:28:11.906,0.94468,0.94491,1.50,1.00
2016.12.09 10:28:13.506,0.94469,0.94491,1.00,1.00
2016.12.09 10:28:25.677,0.94467,0.9449,1.50,1.00
2016.12.09 10:28:25.727,0.94472,0.9449,1.00,1.00
2016.12.09 10:28:26.323,0.94468,0.9449,1.00,1.00
2016.12.09 10:28:27.830,0.94472,0.9449,1.00,1.00
2016.12.09 10:28:29.036,0.94472,0.94492,1.00,1.00
