2011.07.04 23:00:28.987,0.79806,0.79875,1.50,1.50
2011.07.04 23:00:29.925,0.79806,0.79877,1.50,1.50
2011.07.04 23:00:30.415,0.79812,0.79877,1.50,1.50
2011.07.04 23:00:30.946,0.79812,0.79878,1.50,1.50
2011.07.04 23:00:32.897,0.79812,0.79877,1.50,1.50
2011.07.04 23:00:33.921,0.79811,0.79877,1.50,1.50
2011.07.04 23:00:34.877,0.79811,0.79874,1.50,1.50
2011.07.04 23:00:35.245,0.79811,0.79874,1.50,1.50
2011.07.04 23:00:35.466,0.79811,0.79887,1.50,1.50
2011.07.04 23:00:35.685,0.79811,0.79895,1.50,1.50
2011.07.04 23:00:35.797,0.79821,0.7991,1.50,1.50
2011.07.04 23:00:36.015,0.79822,0.7992,1.50,1.50
2011.07.04 23:00:37.208,0.79822,0.79909,1.50,1.50
2011.07.04 23:00:37.880,0.79826,0.79909,1.50,1.50
2011.07.04 23:00:38.364,0.79826,0.79909,1.50,1.50
2011.07.04 23:00:45.324,0.79826,0.79911,1.50,1.50
2011.07.04 23:00:51.807,0.79826,0.79908,1.50,1.50
2011.07.04 23:00:52.055,0.79826,0.79911,1.50,1.50
2011.07.04 23:00:52.165,0.79826,0.79911,1.50,1.50
2011.07.04 23:00:54.046,0.79835,0.79913,1.50,1.50
2011.07.04 23:00:54.697,0.79835,0.79913,1.50,1.50
2011.07.04 23:01:11.226,0.79835,0.79902,1.50,1.50
2011.07.04 23:01:11.716,0.79832,0.79898,1.50,1.50
2011.07.04 23:01:12.505,0.79835,0.799,1.50,1.50
2011.07.04 23:01:12.957,0.79835,0.799,1.50,1.50
2011.07.04 23:01:13.405,0.79835,0.799,1.50,1.50
2011.07.04 23:01:14.927,0.79832,0.79895,1.50,1.50
2011.07.04 23:01:15.697,0.79832,0.79895,1.50,1.50
2011.07.04 23:01:17.897,0.79834,0.79899,1.50,1.50
2011.07.04 23:01:18.316,0.79835,0.79898,1.50,1.50
2011.07.04 23:01:19.217,0.79835,0.79898,1.50,1.50
2011.07.04 23:01:21.046,0.79841,0.79905,1.50,3.00
2011.07.04 23:01:21.376,0.79846,0.79916,1.50,1.50
2011.07.04 23:01:22.966,0.79847,0.79916,1.50,1.50
2011.07.04 23:01:23.346,0.79848,0.79916,1.50,1.50
2011.07.04 23:01:23.786,0.7984,0.79913,3.00,1.50
2011.07.04 23:01:23.896,0.79833,0.79908,1.50,1.13
2011.07.04 23:01:24.006,0.7983,0.79898,1.50,1.35
2011.07.04 23:01:24.917,0.79829,0.79898,1.50,1.35
2011.07.04 23:01:25.419,0.79826,0.79895,1.50,1.50
2011.07.04 23:01:25.936,0.79836,0.79898,1.50,1.35
2011.07.04 23:01:26.898,0.79836,0.79905,1.50,1.50
2011.07.04 23:01:27.308,0.79836,0.79905,1.50,1.50
2011.07.04 23:01:27.920,0.79839,0.79905,1.50,1.50
2011.07.04 23:01:32.917,0.79839,0.79905,1.50,1.50
2011.07.04 23:02:04.521,0.79837,0.79905,1.50,1.50
2011.07.04 23:02:04.626,0.79833,0.79901,1.50,1.50
2011.07.04 23:02:04.736,0.79829,0.79899,1.35,1.13
2011.07.04 23:02:05.762,0.7983,0.79896,1.50,1.50
2011.07.04 23:02:05.866,0.7983,0.79896,1.50,1.50
2011.07.04 23:02:08.793,0.79827,0.79895,1.50,1.50
2011.07.04 23:02:09.015,0.79827,0.79898,1.50,3.00
2011.07.04 23:02:09.867,0.79827,0.79901,1.50,1.50
2011.07.04 23:02:10.847,0.79833,0.79901,1.50,1.50
2011.07.04 23:02:11.888,0.79833,0.79901,1.50,1.50
2011.07.04 23:02:32.417,0.79836,0.79906,1.50,1.50
2011.07.04 23:02:32.937,0.79838,0.79906,1.50,1.50
2011.07.04 23:02:34.873,0.79838,0.79906,1.50,1.50
2011.07.04 23:02:37.355,0.79838,0.79906,1.50,1.50
2011.07.04 23:02:37.576,0.79846,0.79908,1.50,3.00
2011.07.04 23:02:37.906,0.79847,0.79916,1.50,1.50
2011.07.04 23:02:38.887,0.79848,0.79916,1.50,1.50
2011.07.04 23:03:14.176,0.79846,0.79916,1.50,1.50
2011.07.04 23:03:15.377,0.79846,0.79917,1.50,1.50
2011.07.04 23:03:16.930,0.79847,0.79917,1.50,1.50
2011.07.04 23:03:17.917,0.79851,0.79919,1.50,1.50
2011.07.04 23:03:28.005,0.79844,0.79912,1.50,1.50
2011.07.04 23:03:28.648,0.79841,0.79909,1.50,1.35
2011.07.04 23:03:29.133,0.79839,0.79907,1.50,1.50
2011.07.04 23:03:29.907,0.79839,0.79907,1.50,1.50
2011.07.04 23:03:30.843,0.79837,0.79905,1.50,1.50
2011.07.04 23:03:32.068,0.79837,0.79905,1.50,1.50
2011.07.04 23:03:33.197,0.79841,0.79909,1.50,2.10
2011.07.04 23:03:33.927,0.79843,0.79909,1.50,2.10
2011.07.04 23:03:35.902,0.79843,0.79909,1.50,2.10
2011.07.04 23:04:04.868,0.7984,0.79905,1.50,1.50
2011.07.04 23:04:05.912,0.79837,0.799,1.50,1.50
2011.07.04 23:04:07.896,0.79837,0.799,1.50,1.50
2011.07.04 23:04:11.185,0.79831,0.79896,1.50,1.50
2011.07.04 23:04:11.966,0.79832,0.79899,1.50,1.50
2011.07.04 23:04:12.842,0.79836,0.79899,1.50,1.50
2011.07.04 23:04:14.877,0.79831,0.79894,1.50,1.50
2011.07.04 23:04:15.206,0.79831,0.79894,1.50,1.50
2011.07.04 23:04:16.360,0.79836,0.79899,1.50,1.50
2011.07.04 23:04:16.466,0.79836,0.79899,1.50,1.50
2011.07.04 23:04:17.068,0.79831,0.79901,1.50,1.50
2011.07.04 23:04:17.285,0.79831,0.79897,1.50,1.50
2011.07.04 23:04:17.886,0.79831,0.79894,1.50,1.50
2011.07.04 23:04:18.827,0.79835,0.799,1.50,1.50
2011.07.04 23:04:19.927,0.79835,0.799,1.50,1.50
2011.07.04 23:04:20.916,0.79835,0.799,1.50,1.50
2011.07.04 23:04:30.159,0.79834,0.79899,1.50,1.50
2011.07.04 23:04:35.927,0.79833,0.79896,1.50,1.50
2011.07.04 23:04:38.766,0.79834,0.79899,1.50,1.50
2011.07.04 23:04:41.831,0.79834,0.79899,1.50,1.50
2011.07.04 23:04:49.916,0.79835,0.79902,1.50,1.35
2011.07.04 23:04:54.986,0.79829,0.79895,1.50,1.50
2011.07.04 23:04:56.957,0.79836,0.79895,1.35,1.50
2011.07.04 23:04:57.891,0.79836,0.79895,1.35,1.50
2011.07.04 23:04:58.881,0.79836,0.79895,1.35,1.50
2011.07.04 23:05:02.686,0.79829,0.79895,1.50,1.50
2011.07.04 23:05:05.916,0.79827,0.79895,1.50,1.50
2011.07.04 23:05:10.026,0.79831,0.79897,1.50,1.50
2011.07.04 23:05:10.930,0.79836,0.79902,1.50,1.35
2011.07.04 23:05:11.920,0.79836,0.79902,1.50,1.35
2011.07.04 23:05:14.810,0.79836,0.79902,1.50,1.35
2011.07.04 23:05:22.165,0.79835,0.79901,1.50,1.50
2011.07.04 23:05:23.947,0.79828,0.79894,1.50,1.50
2011.07.04 23:05:24.877,0.79828,0.79894,1.50,1.50
2011.07.04 23:05:25.856,0.79828,0.79894,1.50,1.50
2011.07.04 23:05:57.820,0.79828,0.79894,1.50,1.50
2011.07.04 23:05:58.896,0.79823,0.79889,2.10,1.50
2011.07.04 23:06:00.936,0.79823,0.79889,2.10,1.50
2011.07.04 23:06:17.840,0.79823,0.79891,1.50,1.50
2011.07.04 23:06:20.648,0.79824,0.79892,1.50,1.50
2011.07.04 23:06:23.890,0.79825,0.79893,1.50,1.50
2011.07.04 23:06:26.148,0.79825,0.79893,1.50,1.50
2011.07.04 23:06:28.006,0.79822,0.79888,1.50,1.50
2011.07.04 23:06:31.965,0.79822,0.79888,1.50,1.50
2011.07.04 23:06:51.058,0.79822,0.79888,1.50,1.50
2011.07.04 23:06:51.496,0.79809,0.79886,3.00,1.13
2011.07.04 23:06:51.606,0.79806,0.79872,1.50,1.50
2011.07.04 23:06:52.867,0.79808,0.79874,1.50,1.50
2011.07.04 23:06:54.926,0.79808,0.79874,1.50,1.50
2011.07.04 23:06:55.936,0.79803,0.79869,1.50,1.50
2011.07.04 23:06:57.207,0.79809,0.79874,1.50,1.35
2011.07.04 23:06:57.869,0.79803,0.79869,1.50,1.50
2011.07.04 23:06:58.196,0.79808,0.79872,1.35,1.50
2011.07.04 23:06:58.416,0.7981,0.79878,1.50,1.50
2011.07.04 23:06:58.526,0.79816,0.79884,1.50,1.50
2011.07.04 23:06:58.917,0.79818,0.79884,1.50,1.50
2011.07.04 23:06:59.850,0.79826,0.79894,1.50,1.50
2011.07.04 23:07:00.898,0.79826,0.79894,1.50,1.50
2011.07.04 23:07:02.049,0.79826,0.79894,1.50,1.50
2011.07.04 23:07:03.526,0.79824,0.79887,1.35,1.50
2011.07.04 23:07:03.922,0.79819,0.79885,1.50,1.35
2011.07.04 23:07:04.917,0.79815,0.79879,1.35,1.50
2011.07.04 23:07:05.910,0.79815,0.79879,1.35,1.50
2011.07.04 23:07:06.916,0.79815,0.79879,1.35,1.50
2011.07.04 23:07:30.869,0.79817,0.79885,1.50,2.10
2011.07.04 23:07:32.189,0.79817,0.79885,1.50,2.10
2011.07.04 23:07:35.746,0.79817,0.79885,1.50,2.10
2011.07.04 23:07:36.809,0.79815,0.7988,1.35,1.50
2011.07.04 23:07:37.896,0.79815,0.7988,1.35,1.50
2011.07.04 23:07:40.716,0.79815,0.79881,1.35,1.50
2011.07.04 23:07:40.936,0.79826,0.79885,1.50,1.35
2011.07.04 23:07:41.157,0.79824,0.79892,3.60,1.50
2011.07.04 23:07:41.883,0.79824,0.79889,1.35,1.50
2011.07.04 23:07:41.986,0.79823,0.79889,1.35,1.50
2011.07.04 23:07:42.486,0.79814,0.79882,1.50,1.50
2011.07.04 23:07:42.786,0.79804,0.79876,3.00,1.13
2011.07.04 23:07:42.896,0.79796,0.79869,1.50,1.50
2011.07.04 23:07:43.007,0.79806,0.79872,1.35,3.75
2011.07.04 23:07:43.337,0.798,0.79868,1.50,1.50
2011.07.04 23:07:44.337,0.79803,0.79871,1.35,1.50
2011.07.04 23:07:44.898,0.79803,0.79871,2.10,1.50
2011.07.04 23:07:46.878,0.79803,0.79871,2.10,1.50
2011.07.04 23:07:48.516,0.79805,0.79873,1.50,1.50
2011.07.04 23:07:49.907,0.79808,0.79874,1.50,1.50
2011.07.04 23:07:52.868,0.79808,0.79874,1.50,1.50
2011.07.04 23:08:17.996,0.79815,0.79881,1.50,1.50
2011.07.04 23:08:18.888,0.79815,0.79881,1.50,1.50
2011.07.04 23:08:19.267,0.79822,0.79888,1.50,1.50
2011.07.04 23:08:24.009,0.79822,0.79888,1.50,1.50
2011.07.04 23:08:41.186,0.79825,0.79891,1.50,1.50
2011.07.04 23:08:41.407,0.79825,0.79891,1.50,1.50
2011.07.04 23:08:43.016,0.79827,0.79893,1.50,1.50
2011.07.04 23:08:43.918,0.79828,0.79896,1.50,1.50
2011.07.04 23:08:47.937,0.79828,0.79896,1.50,1.50
2011.07.04 23:08:51.287,0.79825,0.79893,1.50,1.50
2011.07.04 23:08:55.938,0.79825,0.79893,1.50,1.50
2011.07.04 23:09:29.756,0.79826,0.79892,1.50,1.50
2011.07.04 23:09:29.977,0.79826,0.79888,1.50,1.35
2011.07.04 23:09:30.857,0.79819,0.79885,2.10,1.50
2011.07.04 23:09:32.066,0.79819,0.79885,2.10,1.50
2011.07.04 23:09:32.898,0.79819,0.79885,1.35,1.50
2011.07.04 23:09:43.658,0.79819,0.79882,1.35,1.50
2011.07.04 23:09:43.767,0.79807,0.79875,3.75,1.50
2011.07.04 23:09:43.876,0.79802,0.79868,1.50,1.50
2011.07.04 23:09:44.827,0.79802,0.79868,2.10,1.50
2011.07.04 23:09:50.727,0.79802,0.7987,1.50,1.50
2011.07.04 23:09:52.926,0.79796,0.79868,1.50,1.50
2011.07.04 23:09:53.036,0.79796,0.79861,1.50,1.50
2011.07.04 23:09:53.806,0.79796,0.79861,1.50,1.50
2011.07.04 23:09:53.916,0.79795,0.79858,1.50,1.50
2011.07.04 23:09:54.907,0.79795,0.79858,1.50,1.50
2011.07.04 23:09:55.958,0.79795,0.79858,1.50,1.50
2011.07.04 23:10:36.476,0.7979,0.79853,1.50,1.50
2011.07.04 23:10:57.857,0.79787,0.79853,1.50,1.50
2011.07.04 23:10:58.845,0.79788,0.79853,1.50,1.50
2011.07.04 23:11:00.828,0.79785,0.7985,1.50,1.50
2011.07.04 23:11:03.987,0.79781,0.79848,1.50,1.50
2011.07.04 23:11:04.097,0.79781,0.79844,1.50,1.50
2011.07.04 23:11:04.207,0.7977,0.7984,3.00,1.50
2011.07.04 23:11:04.467,0.79765,0.79838,1.50,1.50
2011.07.04 23:11:05.885,0.79765,0.79838,1.50,1.50
2011.07.04 23:11:07.878,0.79767,0.79841,1.50,1.50
2011.07.04 23:11:09.198,0.79766,0.79841,1.50,1.50
2011.07.04 23:11:10.957,0.79767,0.79841,1.50,1.50
2011.07.04 23:11:19.262,0.79766,0.79841,1.50,1.50
2011.07.04 23:11:20.428,0.79767,0.79841,1.50,1.50
2011.07.04 23:11:22.408,0.79767,0.79832,1.50,1.50
2011.07.04 23:11:23.859,0.79766,0.79832,1.50,1.50
2011.07.04 23:11:26.557,0.79766,0.79833,1.50,1.50
2011.07.04 23:11:29.086,0.79766,0.79834,1.50,1.50
2011.07.04 23:11:37.595,0.79761,0.79834,1.50,1.50
2011.07.04 23:11:37.816,0.79761,0.7983,1.50,1.50
2011.07.04 23:11:38.915,0.79761,0.7983,1.50,1.50
2011.07.04 23:11:41.018,0.79766,0.79829,1.50,1.50
2011.07.04 23:11:48.466,0.79761,0.79828,1.50,1.50
2011.07.04 23:11:49.337,0.79761,0.79824,1.50,1.50
2011.07.04 23:11:49.918,0.79761,0.79824,1.50,1.50
2011.07.04 23:11:51.957,0.79761,0.79824,1.50,1.50
2011.07.04 23:12:12.297,0.79757,0.79822,1.50,1.50
2011.07.04 23:12:13.909,0.79754,0.79817,1.50,1.50
2011.07.04 23:12:14.398,0.79752,0.79817,1.50,1.50
2011.07.04 23:12:14.507,0.79749,0.79812,1.50,1.50
2011.07.04 23:12:15.884,0.79749,0.79812,1.50,1.50
2011.07.04 23:12:16.875,0.79749,0.79812,1.50,1.50
2011.07.04 23:12:17.865,0.79749,0.79812,1.50,1.50
2011.07.04 23:12:19.226,0.79749,0.79812,1.50,1.50
2011.07.04 23:12:34.647,0.79757,0.7982,1.50,1.50
2011.07.04 23:12:36.111,0.79759,0.79822,1.50,1.50
2011.07.04 23:12:36.929,0.7976,0.79825,1.50,1.50
2011.07.04 23:12:37.865,0.7976,0.79825,1.50,1.50
2011.07.04 23:12:38.304,0.7976,0.79825,1.50,1.50
2011.07.04 23:12:38.517,0.79762,0.79828,1.50,1.50
2011.07.04 23:12:39.848,0.79765,0.79828,1.50,1.50
2011.07.04 23:13:41.550,0.79751,0.79836,3.00,3.00
2011.07.04 23:14:07.566,0.79751,0.79836,2.25,2.25
2011.07.04 23:14:09.456,0.79751,0.79836,3.00,3.00
2011.07.04 23:14:10.467,0.79768,0.79842,1.50,1.50
2011.07.04 23:14:13.927,0.7977,0.79844,1.50,1.50
2011.07.04 23:14:16.307,0.7977,0.79847,1.50,1.50
2011.07.04 23:14:18.097,0.79776,0.79847,3.75,1.50
2011.07.04 23:14:18.937,0.79784,0.79847,1.50,1.50
2011.07.04 23:14:19.880,0.79786,0.79849,1.50,1.50
2011.07.04 23:14:40.132,0.79785,0.79848,1.50,1.50
2011.07.04 23:14:44.868,0.79783,0.79846,1.50,1.50
2011.07.04 23:15:32.421,0.79786,0.7984,1.50,1.50
2011.07.04 23:15:45.050,0.79771,0.79854,3.00,3.00
2011.07.04 23:15:48.099,0.79771,0.79854,3.00,3.00
2011.07.04 23:15:49.200,0.79771,0.79854,3.00,3.00
2011.07.04 23:16:11.278,0.79771,0.79854,3.00,3.00
2011.07.04 23:16:51.327,0.79771,0.79854,3.00,3.00
2011.07.04 23:17:06.085,0.79775,0.7986,3.00,3.00
2011.07.04 23:17:06.808,0.79791,0.79836,1.50,1.50
2011.07.04 23:17:07.368,0.79792,0.79839,1.50,1.50
2011.07.04 23:17:08.888,0.79791,0.79839,1.50,1.50
2011.07.04 23:17:22.138,0.79787,0.79839,1.50,1.50
2011.07.04 23:17:22.356,0.79787,0.79836,1.50,1.50
2011.07.04 23:17:23.537,0.79786,0.79837,1.50,1.50
2011.07.04 23:17:38.047,0.79787,0.79837,1.50,1.50
2011.07.04 23:17:38.956,0.79792,0.7984,1.50,1.50
2011.07.04 23:17:40.747,0.79792,0.79843,1.50,1.50
2011.07.04 23:17:41.730,0.79792,0.79845,1.50,1.50
2011.07.04 23:17:43.799,0.79797,0.79845,1.50,1.50
2011.07.04 23:17:45.788,0.79792,0.79845,1.50,1.50
2011.07.04 23:17:46.792,0.79792,0.79839,1.50,1.50
2011.07.04 23:17:46.897,0.79791,0.79839,1.50,1.50
2011.07.04 23:17:47.237,0.79786,0.79839,1.50,1.50
2011.07.04 23:17:48.438,0.79786,0.79839,1.50,1.50
2011.07.04 23:17:48.919,0.79786,0.79837,1.50,1.50
2011.07.04 23:18:01.590,0.79787,0.79838,1.50,1.50
2011.07.04 23:18:05.910,0.79784,0.79833,1.50,1.50
2011.07.04 23:18:06.447,0.79776,0.79831,1.50,1.50
2011.07.04 23:18:07.059,0.79776,0.7983,1.50,1.50
2011.07.04 23:18:07.948,0.79777,0.7983,1.50,1.50
2011.07.04 23:18:09.177,0.79776,0.7983,1.50,1.50
2011.07.04 23:18:11.569,0.79776,0.79831,1.50,1.50
2011.07.04 23:18:17.508,0.79776,0.7983,1.50,1.50
2011.07.04 23:19:01.128,0.79772,0.79828,1.50,1.50
2011.07.04 23:19:01.237,0.79772,0.79825,1.50,1.50
2011.07.04 23:19:02.676,0.79764,0.79825,1.35,1.50
2011.07.04 23:19:02.788,0.79757,0.79814,3.75,1.50
2011.07.04 23:19:03.268,0.79757,0.79813,1.50,1.50
2011.07.04 23:19:03.651,0.79757,0.79812,1.50,1.50
2011.07.04 23:19:05.095,0.79756,0.79812,1.50,1.50
2011.07.04 23:19:12.976,0.79762,0.79813,1.50,1.50
2011.07.04 23:19:13.939,0.79762,0.79816,1.50,1.50
2011.07.04 23:19:14.878,0.79756,0.79816,1.50,1.50
2011.07.04 23:19:15.097,0.79756,0.79812,1.50,1.50
2011.07.04 23:19:16.608,0.79756,0.79813,1.50,1.50
2011.07.04 23:19:18.878,0.79756,0.79816,1.50,1.50
2011.07.04 23:19:18.987,0.79756,0.79816,1.50,1.50
2011.07.04 23:19:20.698,0.79756,0.79816,1.50,1.50
2011.07.04 23:19:32.397,0.79757,0.79816,1.50,1.50
2011.07.04 23:19:32.508,0.79757,0.79814,1.50,1.50
2011.07.04 23:19:36.848,0.79756,0.79814,1.50,1.50
2011.07.04 23:20:09.296,0.79752,0.79814,1.50,1.50
2011.07.04 23:20:09.517,0.79752,0.7981,1.50,1.50
2011.07.04 23:20:10.338,0.79752,0.79807,1.50,1.50
2011.07.04 23:20:10.898,0.79751,0.79807,1.50,1.50
2011.07.04 23:20:11.927,0.79756,0.79807,1.50,1.50
2011.07.04 23:20:31.769,0.79751,0.79803,1.50,1.50
2011.07.04 23:20:34.949,0.79751,0.79802,1.50,1.50
2011.07.04 23:20:51.928,0.79751,0.79803,1.50,1.50
2011.07.04 23:21:19.588,0.79737,0.79821,3.00,3.00
2011.07.04 23:21:21.018,0.79737,0.79821,3.00,3.00
2011.07.04 23:22:02.208,0.79747,0.798,1.50,1.50
2011.07.04 23:22:03.179,0.79747,0.79798,1.50,1.50
2011.07.04 23:22:03.899,0.79751,0.79798,1.50,1.50
2011.07.04 23:22:05.875,0.79747,0.79798,1.50,1.50
2011.07.04 23:22:06.660,0.79751,0.79798,1.50,1.50
2011.07.04 23:22:06.768,0.79752,0.79801,1.50,1.50
2011.07.04 23:22:07.868,0.79754,0.79801,1.50,1.50
2011.07.04 23:22:09.888,0.79752,0.79803,1.50,1.50
2011.07.04 23:22:38.878,0.79752,0.79802,1.50,1.50
2011.07.04 23:23:13.332,0.79738,0.7982,3.00,3.00
2011.07.04 23:23:31.508,0.79751,0.79807,1.50,1.50
2011.07.04 23:23:40.528,0.79758,0.79813,1.50,1.50
2011.07.04 23:23:41.389,0.79762,0.79819,1.50,1.50
2011.07.04 23:23:41.959,0.79772,0.79821,1.50,1.50
2011.07.04 23:23:42.814,0.79771,0.79821,1.50,1.50
2011.07.04 23:23:43.807,0.79772,0.79821,1.50,1.50
2011.07.04 23:23:46.163,0.79767,0.79821,1.50,1.50
2011.07.04 23:23:46.268,0.79767,0.7982,1.50,1.50
2011.07.04 23:23:46.598,0.79761,0.79814,2.10,1.50
2011.07.04 23:23:48.323,0.79761,0.79814,1.50,1.50
2011.07.04 23:23:48.919,0.79762,0.79813,1.50,1.50
2011.07.04 23:23:49.904,0.79762,0.79813,1.50,1.50
2011.07.04 23:23:51.078,0.79762,0.7982,1.50,1.50
2011.07.04 23:23:51.890,0.79771,0.79823,1.50,1.50
2011.07.04 23:23:52.630,0.7977,0.79823,1.50,1.50
2011.07.04 23:23:52.738,0.79761,0.79819,1.50,1.50
2011.07.04 23:23:53.020,0.79759,0.79819,1.50,1.50
2011.07.04 23:23:53.929,0.79759,0.79817,1.50,1.50
2011.07.04 23:23:57.888,0.79758,0.79817,1.50,1.50
2011.07.04 23:24:58.858,0.79748,0.79833,3.00,3.00
2011.07.04 23:24:59.399,0.79758,0.79818,1.50,1.50
2011.07.04 23:25:00.106,0.79762,0.79821,1.50,1.50
2011.07.04 23:25:00.820,0.79766,0.79821,1.50,1.50
2011.07.04 23:25:05.873,0.79766,0.79825,1.50,1.50
2011.07.04 23:25:21.370,0.79763,0.79819,1.50,1.50
2011.07.04 23:25:24.881,0.79763,0.79818,1.50,1.50
2011.07.04 23:25:32.007,0.79761,0.79818,1.50,1.50
2011.07.04 23:25:32.908,0.79761,0.79813,1.50,1.50
2011.07.04 23:25:33.238,0.79759,0.79811,1.50,1.50
2011.07.04 23:25:34.890,0.79754,0.79808,1.50,1.50
2011.07.04 23:25:36.869,0.79754,0.79808,1.50,1.50
2011.07.04 23:25:37.151,0.79754,0.79808,1.50,1.50
2011.07.04 23:25:40.170,0.79757,0.79811,1.50,1.50
2011.07.04 23:25:43.689,0.79757,0.79814,1.50,1.50
2011.07.04 23:25:43.909,0.79756,0.79814,1.50,1.50
2011.07.04 23:25:44.538,0.79756,0.79809,1.50,1.50
2011.07.04 23:25:44.648,0.79752,0.79809,1.50,1.50
2011.07.04 23:25:45.195,0.79752,0.79806,1.50,1.50
2011.07.04 23:25:47.908,0.79752,0.79809,1.50,1.50
2011.07.04 23:25:48.018,0.79756,0.79811,1.50,1.50
2011.07.04 23:25:48.802,0.79757,0.79811,1.50,1.50
2011.07.04 23:25:49.018,0.79757,0.79813,1.50,1.50
2011.07.04 23:25:49.127,0.79759,0.79813,1.50,1.50
2011.07.04 23:25:49.238,0.79759,0.79813,1.50,1.50
2011.07.04 23:25:51.939,0.79756,0.79812,1.50,1.50
2011.07.04 23:25:53.419,0.79761,0.79812,1.50,1.50
2011.07.04 23:25:59.690,0.79756,0.79812,1.50,1.50
2011.07.04 23:26:05.179,0.79756,0.79812,1.50,1.50
2011.07.04 23:26:17.632,0.79756,0.79813,1.50,1.50
2011.07.04 23:26:34.279,0.79755,0.7981,1.50,1.50
2011.07.04 23:26:56.268,0.79755,0.7981,1.50,1.50
2011.07.04 23:26:56.488,0.79752,0.79809,1.50,1.50
2011.07.04 23:26:58.901,0.79752,0.79806,1.50,1.50
2011.07.04 23:27:03.850,0.79752,0.79806,1.50,1.50
2011.07.04 23:27:12.860,0.79752,0.79806,1.50,1.50
2011.07.04 23:27:33.882,0.79755,0.7981,1.50,1.50
2011.07.04 23:27:38.249,0.79755,0.79807,1.50,1.50
2011.07.04 23:27:38.958,0.79755,0.79809,1.50,1.50
2011.07.04 23:27:39.178,0.79756,0.7981,1.50,1.50
2011.07.04 23:27:39.870,0.79756,0.7981,1.50,1.50
2011.07.04 23:27:41.909,0.7976,0.79815,1.50,1.50
2011.07.04 23:27:47.719,0.7976,0.79815,1.50,1.50
2011.07.04 23:27:48.562,0.79762,0.79822,1.50,1.50
2011.07.04 23:27:49.888,0.79771,0.79822,1.50,1.50
2011.07.04 23:27:50.210,0.79771,0.79824,1.50,1.50
2011.07.04 23:27:50.318,0.79771,0.79824,1.50,1.50
2011.07.04 23:27:50.428,0.79771,0.79824,1.50,1.50
2011.07.04 23:27:50.648,0.79771,0.79829,1.50,1.50
2011.07.04 23:27:52.190,0.79776,0.7983,1.50,1.50
2011.07.04 23:27:53.899,0.79777,0.7983,1.50,1.50
2011.07.04 23:28:08.020,0.79777,0.79832,1.50,1.50
2011.07.04 23:28:37.780,0.79777,0.79831,1.50,1.50
2011.07.04 23:28:37.998,0.79782,0.79833,1.50,1.50
2011.07.04 23:28:38.108,0.79782,0.79838,1.50,1.50
2011.07.04 23:28:39.759,0.79782,0.79839,1.50,1.50
2011.07.04 23:28:40.909,0.79786,0.79839,1.50,1.50
2011.07.04 23:28:43.880,0.79782,0.79839,1.50,1.50
2011.07.04 23:28:45.800,0.79786,0.79839,1.50,1.50
2011.07.04 23:28:46.599,0.79786,0.7984,1.50,1.50
2011.07.04 23:28:49.829,0.79786,0.79839,1.50,1.50
2011.07.04 23:28:53.889,0.79787,0.79839,1.50,1.50
2011.07.04 23:28:55.219,0.79787,0.79839,1.50,1.50
2011.07.04 23:28:58.309,0.79787,0.79839,1.50,1.50
2011.07.04 23:29:01.270,0.79787,0.79839,1.50,1.50
2011.07.04 23:29:09.458,0.79787,0.7984,1.50,1.50
2011.07.04 23:29:11.379,0.79781,0.7984,1.50,1.50
2011.07.04 23:29:12.805,0.79781,0.79834,1.50,1.50
2011.07.04 23:29:13.909,0.79786,0.79833,1.50,1.50
2011.07.04 23:29:14.957,0.79786,0.79833,1.50,1.50
2011.07.04 23:29:25.888,0.79781,0.79831,1.50,1.50
2011.07.04 23:29:43.960,0.79781,0.79832,1.50,1.50
2011.07.04 23:29:47.460,0.79781,0.79832,1.50,1.50
2011.07.04 23:30:17.287,0.79781,0.79833,1.50,1.50
2011.07.04 23:30:27.414,0.79768,0.7985,3.00,3.00
2011.07.04 23:30:43.548,0.79786,0.79836,1.50,1.50
2011.07.04 23:30:44.330,0.79786,0.79838,1.50,1.50
2011.07.04 23:30:46.897,0.79787,0.79838,1.50,1.50
2011.07.04 23:30:47.389,0.79792,0.79838,1.50,1.50
2011.07.04 23:30:47.958,0.79792,0.79841,1.50,1.50
2011.07.04 23:30:48.879,0.79796,0.79841,1.50,1.50
2011.07.04 23:30:49.867,0.79791,0.79843,1.50,1.50
2011.07.04 23:30:50.908,0.79791,0.79843,1.50,1.50
2011.07.04 23:30:55.918,0.79791,0.79843,1.50,1.50
2011.07.04 23:30:56.449,0.7979,0.79842,1.50,1.50
2011.07.04 23:30:57.218,0.7979,0.79844,1.50,1.50
2011.07.04 23:30:57.328,0.79792,0.79844,1.50,1.50
2011.07.04 23:30:58.890,0.79795,0.79847,1.50,1.50
2011.07.04 23:31:00.319,0.79795,0.79847,1.50,1.50
2011.07.04 23:31:17.508,0.79795,0.79849,1.50,1.50
2011.07.04 23:31:17.618,0.79796,0.7985,1.50,1.50
2011.07.04 23:31:18.400,0.79796,0.7985,2.10,1.50
2011.07.04 23:31:19.889,0.79796,0.7985,2.10,1.50
2011.07.04 23:31:20.968,0.79798,0.79852,1.50,1.50
2011.07.04 23:31:32.920,0.79801,0.79855,1.50,1.50
2011.07.04 23:31:33.910,0.79807,0.79861,1.50,1.50
2011.07.04 23:31:35.119,0.79807,0.79861,1.50,1.50
2011.07.04 23:31:38.807,0.79807,0.79859,1.50,1.50
2011.07.04 23:31:43.508,0.79806,0.79862,1.50,1.50
2011.07.04 23:31:44.410,0.79805,0.79859,1.50,1.50
2011.07.04 23:31:44.822,0.79805,0.79859,1.50,1.50
2011.07.04 23:31:51.738,0.79805,0.79859,1.50,1.50
2011.07.04 23:31:54.870,0.79804,0.79856,1.50,1.50
2011.07.04 23:32:01.779,0.79807,0.79862,1.50,1.35
2011.07.04 23:32:01.889,0.79807,0.79862,1.50,1.35
2011.07.04 23:32:02.849,0.79808,0.79862,1.50,1.35
2011.07.04 23:32:04.269,0.79806,0.79862,1.50,2.10
2011.07.04 23:32:05.880,0.79805,0.79859,1.50,1.50
2011.07.04 23:32:07.856,0.79805,0.79859,1.50,1.50
2011.07.04 23:32:15.739,0.79807,0.79862,1.50,1.35
2011.07.04 23:32:16.876,0.79808,0.79862,1.50,1.35
2011.07.04 23:32:18.140,0.79806,0.79862,1.50,1.35
2011.07.04 23:32:19.141,0.79804,0.7986,1.50,1.50
2011.07.04 23:32:19.960,0.79806,0.79863,2.10,1.50
2011.07.04 23:32:21.672,0.79806,0.7986,1.35,1.50
2011.07.04 23:32:24.910,0.79806,0.7986,1.35,1.50
2011.07.04 23:32:25.440,0.79801,0.7986,1.50,1.50
2011.07.04 23:32:25.548,0.79801,0.79858,1.50,1.50
2011.07.04 23:32:26.549,0.798,0.79856,1.50,1.50
2011.07.04 23:32:27.435,0.798,0.79856,1.50,1.50
2011.07.04 23:32:29.140,0.798,0.79856,1.50,1.50
2011.07.04 23:32:30.449,0.79802,0.79861,1.50,1.50
2011.07.04 23:32:32.867,0.79804,0.79861,1.50,1.50
2011.07.04 23:32:40.901,0.79804,0.79861,1.50,1.50
2011.07.04 23:32:45.109,0.79806,0.79862,1.50,1.50
2011.07.04 23:32:45.479,0.79807,0.79862,1.50,1.50
2011.07.04 23:32:45.588,0.79807,0.79866,1.50,1.50
2011.07.04 23:32:46.128,0.79807,0.79862,1.50,1.50
2011.07.04 23:32:47.625,0.79807,0.79863,1.50,1.50
2011.07.04 23:32:47.879,0.79809,0.79863,1.50,1.50
2011.07.04 23:32:48.249,0.79811,0.7987,1.50,1.50
2011.07.04 23:32:48.479,0.79808,0.79864,1.50,1.50
2011.07.04 23:32:49.587,0.79808,0.79864,1.50,1.50
2011.07.04 23:32:50.911,0.79808,0.79862,1.50,1.50
2011.07.04 23:32:59.815,0.79809,0.79865,1.50,1.50
2011.07.04 23:33:04.640,0.79811,0.79872,1.50,1.50
2011.07.04 23:33:04.748,0.79812,0.79872,1.50,1.50
2011.07.04 23:33:05.078,0.79809,0.79865,1.50,1.50
2011.07.04 23:33:06.911,0.79809,0.79865,1.50,1.50
2011.07.04 23:33:08.728,0.79806,0.79864,1.50,1.50
2011.07.04 23:33:09.501,0.7981,0.79868,1.50,1.50
2011.07.04 23:33:10.049,0.7981,0.79864,1.50,1.50
2011.07.04 23:33:11.891,0.7981,0.79864,1.50,1.50
2011.07.04 23:33:16.784,0.79807,0.79861,1.50,1.50
2011.07.04 23:33:19.759,0.79807,0.79862,1.50,1.50
2011.07.04 23:33:20.441,0.79802,0.79858,1.50,1.50
2011.07.04 23:33:20.909,0.79802,0.79858,1.50,1.50
2011.07.04 23:33:25.640,0.79802,0.79858,1.50,1.50
2011.07.04 23:33:26.850,0.79808,0.79864,1.50,1.50
2011.07.04 23:33:31.909,0.79808,0.79864,1.50,1.50
2011.07.04 23:33:34.739,0.79805,0.79861,1.50,1.50
2011.07.04 23:33:35.660,0.79804,0.79859,1.50,1.50
2011.07.04 23:33:35.869,0.79804,0.79858,1.50,1.50
2011.07.04 23:33:37.248,0.79793,0.7985,3.00,1.50
2011.07.04 23:33:37.629,0.79792,0.7985,1.50,1.50
2011.07.04 23:33:38.479,0.79792,0.79844,1.50,1.50
2011.07.04 23:33:39.890,0.79797,0.79852,1.50,1.50
2011.07.04 23:33:43.580,0.79797,0.79853,1.50,1.50
2011.07.04 23:33:43.900,0.79792,0.79853,1.50,1.50
2011.07.04 23:33:44.009,0.79792,0.79857,1.50,1.50
2011.07.04 23:33:47.990,0.79796,0.79861,1.50,1.50
2011.07.04 23:33:54.459,0.79807,0.79861,1.50,1.50
2011.07.04 23:33:57.430,0.79802,0.79861,1.50,1.50
2011.07.04 23:34:01.035,0.79807,0.79871,1.50,1.50
2011.07.04 23:34:01.139,0.79806,0.79871,1.50,1.50
2011.07.04 23:34:01.499,0.79806,0.79868,1.50,1.50
2011.07.04 23:34:02.284,0.79806,0.79867,1.50,1.50
2011.07.04 23:34:04.911,0.79806,0.79867,1.50,1.50
2011.07.04 23:34:12.489,0.79806,0.79862,1.50,1.50
2011.07.04 23:34:16.619,0.79807,0.79862,1.50,1.50
2011.07.04 23:34:55.219,0.79806,0.79868,1.50,1.50
2011.07.04 23:34:58.853,0.79812,0.79868,1.50,1.50
2011.07.04 23:35:55.751,0.79798,0.7988,3.00,3.00
2011.07.04 23:35:56.019,0.79811,0.79871,1.50,1.50
2011.07.04 23:36:01.880,0.79816,0.79874,1.50,1.50
2011.07.04 23:36:01.989,0.79816,0.79882,1.50,1.50
2011.07.04 23:36:03.080,0.79816,0.79883,1.50,1.50
2011.07.04 23:36:04.259,0.79829,0.79883,1.35,1.50
2011.07.04 23:36:04.369,0.79829,0.79888,1.35,1.50
2011.07.04 23:36:06.820,0.79832,0.79887,1.50,1.50
2011.07.04 23:36:07.660,0.79837,0.79887,1.50,1.50
2011.07.04 23:36:07.810,0.79837,0.79888,1.50,1.50
2011.07.04 23:36:10.900,0.79841,0.79888,1.50,1.50
2011.07.04 23:36:18.929,0.79841,0.79888,1.50,1.50
2011.07.04 23:36:20.302,0.79837,0.79888,1.50,1.50
2011.07.04 23:36:20.559,0.79837,0.79886,1.50,1.50
2011.07.04 23:36:23.822,0.79836,0.79886,1.50,1.50
2011.07.04 23:36:31.792,0.79837,0.79886,1.50,1.50
2011.07.04 23:36:36.741,0.79837,0.79887,1.50,1.50
2011.07.04 23:36:39.770,0.79831,0.79883,1.50,1.50
2011.07.04 23:36:40.939,0.79832,0.79883,1.50,1.50
2011.07.04 23:36:41.519,0.79831,0.79887,1.50,1.50
2011.07.04 23:36:42.350,0.79831,0.79888,1.50,1.50
2011.07.04 23:36:53.410,0.79832,0.79888,1.50,1.50
2011.07.04 23:36:53.519,0.79832,0.79883,1.50,1.50
2011.07.04 23:36:54.900,0.79831,0.79883,1.50,1.50
2011.07.04 23:36:57.019,0.79831,0.79888,1.50,1.50
2011.07.04 23:36:58.861,0.79837,0.79888,1.50,1.50
2011.07.04 23:37:00.890,0.79837,0.79888,1.50,1.50
2011.07.04 23:37:15.460,0.79837,0.79887,1.50,1.50
2011.07.04 23:38:01.271,0.7982,0.79904,3.00,3.00
2011.07.04 23:38:16.299,0.7982,0.79904,2.25,2.25
2011.07.04 23:38:33.063,0.7982,0.79904,3.00,3.00
2011.07.04 23:38:42.631,0.79831,0.79889,1.50,1.50
2011.07.04 23:38:46.900,0.79836,0.79889,1.50,2.10
2011.07.04 23:38:51.519,0.79836,0.79885,1.50,1.50
2011.07.04 23:39:07.051,0.79836,0.79884,1.50,1.35
2011.07.04 23:39:08.371,0.79836,0.79885,1.50,1.50
2011.07.04 23:39:08.480,0.79832,0.79884,1.35,1.50
2011.07.04 23:39:09.090,0.79835,0.79889,1.35,1.50
2011.07.04 23:39:09.420,0.79831,0.79886,1.50,1.35
2011.07.04 23:39:09.529,0.79831,0.79889,1.50,1.50
2011.07.04 23:39:09.942,0.79831,0.79886,1.50,1.50
2011.07.04 23:39:14.830,0.79837,0.79886,1.50,1.50
2011.07.04 23:39:22.920,0.79837,0.79886,1.50,1.50
2011.07.04 23:39:24.279,0.79837,0.79888,1.50,1.50
2011.07.04 23:39:25.470,0.79837,0.79889,1.50,1.50
2011.07.04 23:39:26.489,0.79841,0.79889,1.50,1.50
2011.07.04 23:39:27.810,0.79841,0.79889,1.50,1.50
2011.07.04 23:39:29.651,0.79841,0.79893,1.50,1.35
2011.07.04 23:39:30.090,0.79841,0.79889,1.50,1.50
2011.07.04 23:39:31.019,0.79837,0.79889,1.50,2.10
2011.07.04 23:39:31.301,0.79837,0.79885,1.50,1.50
2011.07.04 23:39:32.880,0.79837,0.79885,1.50,1.50
2011.07.04 23:39:34.911,0.79836,0.79885,1.50,1.50
2011.07.04 23:39:35.569,0.79836,0.79888,1.50,1.50
2011.07.04 23:39:36.690,0.79837,0.79891,1.35,1.50
2011.07.04 23:39:38.850,0.79842,0.79891,1.50,1.50
2011.07.04 23:39:40.009,0.79842,0.79894,1.50,1.50
2011.07.04 23:39:41.960,0.79837,0.79894,1.35,1.50
2011.07.04 23:39:42.200,0.79837,0.7989,1.35,1.50
2011.07.04 23:39:44.200,0.79841,0.7989,1.50,1.50
2011.07.04 23:39:51.300,0.79837,0.79886,1.50,1.50
2011.07.04 23:39:54.420,0.79836,0.79886,1.50,1.50
2011.07.04 23:40:00.140,0.79836,0.79886,1.50,1.50
2011.07.04 23:40:02.940,0.79836,0.79886,1.50,1.50
2011.07.04 23:40:20.760,0.79836,0.79889,1.50,1.50
2011.07.04 23:40:21.590,0.79836,0.7989,1.50,1.50
2011.07.04 23:40:23.099,0.79836,0.79886,1.50,1.50
2011.07.04 23:40:24.890,0.79836,0.79886,1.50,1.50
2011.07.04 23:40:26.949,0.79836,0.79886,1.50,1.50
2011.07.04 23:40:27.421,0.79836,0.7989,1.50,1.50
2011.07.04 23:40:37.070,0.79836,0.79893,1.50,1.50
2011.07.04 23:40:37.651,0.79836,0.799,1.50,1.50
2011.07.04 23:40:37.760,0.79837,0.799,1.50,1.50
2011.07.04 23:40:38.090,0.79841,0.79903,1.50,1.35
2011.07.04 23:40:38.199,0.79847,0.79903,1.50,1.35
2011.07.04 23:40:38.420,0.79847,0.79914,1.50,1.50
2011.07.04 23:40:41.519,0.79847,0.79915,1.50,2.10
2011.07.04 23:40:44.921,0.79856,0.79918,1.50,1.50
2011.07.04 23:40:45.900,0.79856,0.7992,1.50,1.50
2011.07.04 23:40:46.832,0.79862,0.7992,1.50,1.50
2011.07.04 23:40:47.331,0.79862,0.7992,1.50,1.50
2011.07.04 23:40:48.799,0.79862,0.7992,1.50,1.50
2011.07.04 23:40:49.020,0.79857,0.79914,1.50,1.50
2011.07.04 23:40:50.891,0.79856,0.79914,1.50,1.50
2011.07.04 23:40:56.881,0.79856,0.79914,1.50,1.50
2011.07.04 23:41:00.531,0.79856,0.79911,1.50,1.50
2011.07.04 23:41:00.640,0.79846,0.79911,1.35,1.50
2011.07.04 23:41:01.940,0.79847,0.79914,1.50,1.50
2011.07.04 23:41:03.871,0.79851,0.79914,1.50,1.50
2011.07.04 23:41:05.901,0.79857,0.79914,1.50,1.50
2011.07.04 23:41:10.962,0.79861,0.79914,1.50,1.50
2011.07.04 23:41:14.869,0.79856,0.79914,1.50,1.50
2011.07.04 23:41:17.413,0.79861,0.79914,1.50,1.50
2011.07.04 23:41:17.520,0.79861,0.79925,1.50,1.50
2011.07.04 23:41:18.801,0.79862,0.79925,1.50,1.50
2011.07.04 23:41:21.881,0.79866,0.79925,1.50,1.50
2011.07.04 23:41:26.510,0.79862,0.79923,1.50,1.50
2011.07.04 23:41:27.160,0.79862,0.79922,1.50,1.50
2011.07.04 23:41:33.219,0.79857,0.79922,1.50,1.50
2011.07.04 23:41:35.900,0.79861,0.79922,1.50,1.50
2011.07.04 23:41:38.821,0.79866,0.79922,1.50,1.50
2011.07.04 23:41:39.471,0.79866,0.7993,1.50,1.50
2011.07.04 23:41:42.189,0.79867,0.7993,1.50,1.50
2011.07.04 23:41:42.299,0.79867,0.7993,1.50,1.50
2011.07.04 23:41:43.327,0.79871,0.79939,1.50,1.50
2011.07.04 23:41:43.876,0.79871,0.79937,1.50,1.50
2011.07.04 23:41:44.911,0.79867,0.79937,1.50,1.50
2011.07.04 23:41:46.070,0.79872,0.79927,1.50,1.50
2011.07.04 23:41:46.767,0.79866,0.79927,1.50,1.50
2011.07.04 23:41:46.901,0.79866,0.79927,1.50,1.50
2011.07.04 23:41:47.390,0.79866,0.79925,1.50,1.50
2011.07.04 23:41:51.880,0.79872,0.79925,1.50,1.50
2011.07.04 23:41:51.990,0.79872,0.79925,1.50,1.50
2011.07.04 23:41:52.939,0.79867,0.79922,1.50,1.50
2011.07.04 23:41:54.887,0.79861,0.7992,1.50,1.50
2011.07.04 23:41:55.871,0.79862,0.7992,1.50,1.50
2011.07.04 23:42:00.818,0.79862,0.79922,1.50,1.50
2011.07.04 23:42:01.798,0.79862,0.79921,1.50,1.50
2011.07.04 23:42:04.010,0.79862,0.79922,1.50,1.50
2011.07.04 23:42:08.475,0.79862,0.7992,1.50,1.50
2011.07.04 23:42:08.581,0.79862,0.79922,1.50,1.50
2011.07.04 23:42:09.626,0.79862,0.79922,1.50,1.50
2011.07.04 23:42:14.000,0.79861,0.79922,1.50,1.50
2011.07.04 23:42:14.891,0.79861,0.79922,1.50,1.50
2011.07.04 23:42:15.120,0.79861,0.7992,1.50,1.50
2011.07.04 23:42:20.920,0.79862,0.7992,1.50,1.50
2011.07.04 23:42:22.821,0.79862,0.79917,1.50,1.50
2011.07.04 23:42:23.631,0.79856,0.79917,1.50,1.50
2011.07.04 23:42:23.739,0.79856,0.79917,1.50,1.50
2011.07.04 23:42:24.839,0.79856,0.79917,1.50,1.50
2011.07.04 23:42:25.896,0.79862,0.79917,1.50,1.50
2011.07.04 23:42:26.566,0.79862,0.79917,1.50,1.50
2011.07.04 23:42:27.239,0.79862,0.7992,1.50,1.50
2011.07.04 23:42:27.589,0.79852,0.79915,1.50,1.50
2011.07.04 23:42:28.326,0.79852,0.79914,1.50,1.50
2011.07.04 23:42:30.890,0.79856,0.79914,1.50,1.50
2011.07.04 23:42:39.099,0.79856,0.79914,1.50,1.50
2011.07.04 23:42:39.871,0.79856,0.79917,1.50,1.50
2011.07.04 23:42:40.901,0.79861,0.79917,1.50,1.50
2011.07.04 23:42:52.000,0.79861,0.79922,1.50,1.50
2011.07.04 23:42:55.051,0.79866,0.7992,1.50,1.50
2011.07.04 23:42:55.862,0.79861,0.7992,1.50,1.50
2011.07.04 23:42:57.472,0.79861,0.79921,1.50,1.50
2011.07.04 23:42:58.241,0.79861,0.79924,1.50,1.50
2011.07.04 23:42:59.039,0.79866,0.79924,1.50,1.50
2011.07.04 23:42:59.709,0.79856,0.79922,1.50,1.50
2011.07.04 23:43:00.662,0.79856,0.79919,1.50,1.50
2011.07.04 23:43:01.131,0.79861,0.79919,1.50,1.50
2011.07.04 23:43:09.711,0.79866,0.7992,1.50,1.50
2011.07.04 23:43:09.819,0.79866,0.79924,1.50,1.50
2011.07.04 23:43:14.861,0.79872,0.79924,1.50,1.50
2011.07.04 23:43:16.200,0.79873,0.79931,1.35,1.50
2011.07.04 23:43:16.419,0.79881,0.79936,1.50,1.35
2011.07.04 23:43:16.530,0.79881,0.79939,1.50,1.35
2011.07.04 23:43:16.831,0.79881,0.79939,1.50,1.35
2011.07.04 23:43:17.786,0.79887,0.79936,1.50,1.35
2011.07.04 23:43:20.921,0.79892,0.79938,1.50,1.35
2011.07.04 23:43:23.500,0.79876,0.7994,1.50,1.50
2011.07.04 23:43:23.720,0.7988,0.79941,1.50,1.50
2011.07.04 23:43:23.940,0.79876,0.79941,1.50,1.50
2011.07.04 23:43:24.201,0.79876,0.79942,1.50,1.50
2011.07.04 23:43:25.816,0.79876,0.79942,1.50,1.50
2011.07.04 23:43:31.680,0.79879,0.79942,1.50,1.50
2011.07.04 23:43:31.789,0.79881,0.79942,1.50,1.50
2011.07.04 23:43:32.671,0.79881,0.79941,1.50,1.50
2011.07.04 23:43:35.114,0.79887,0.79941,1.50,1.50
2011.07.04 23:43:43.219,0.79882,0.79941,1.50,1.50
2011.07.04 23:43:44.111,0.79882,0.79935,1.50,1.50
2011.07.04 23:43:44.901,0.79881,0.79935,1.50,1.50
2011.07.04 23:43:46.825,0.79881,0.79935,1.50,1.50
2011.07.04 23:43:51.371,0.79881,0.79936,1.50,1.50
2011.07.04 23:43:52.020,0.79875,0.79936,1.35,1.50
2011.07.04 23:43:55.270,0.79875,0.79934,1.35,1.50
2011.07.04 23:43:55.490,0.79872,0.79934,1.50,1.50
2011.07.04 23:43:55.660,0.79872,0.79934,1.50,1.50
2011.07.04 23:43:56.909,0.79877,0.79933,1.50,1.50
2011.07.04 23:43:58.741,0.79872,0.79928,1.50,1.50
2011.07.04 23:43:59.604,0.79871,0.79928,1.50,1.50
2011.07.04 23:44:04.900,0.79872,0.79928,1.50,1.50
2011.07.04 23:44:05.490,0.79867,0.79924,1.50,1.50
2011.07.04 23:44:05.850,0.79867,0.79928,1.50,1.50
2011.07.04 23:44:06.875,0.79871,0.79928,1.50,1.50
2011.07.04 23:44:12.870,0.79871,0.79928,1.50,1.50
2011.07.04 23:44:21.881,0.79866,0.79928,1.50,1.50
2011.07.04 23:44:22.100,0.79866,0.79925,1.50,1.50
2011.07.04 23:44:23.671,0.79866,0.79923,1.50,1.50
2011.07.04 23:44:23.816,0.79867,0.79923,1.50,1.50
2011.07.04 23:44:25.354,0.79866,0.79923,1.50,1.50
2011.07.04 23:44:30.970,0.79866,0.79925,1.50,1.50
2011.07.04 23:44:34.011,0.79866,0.79926,1.50,1.50
2011.07.04 23:44:46.409,0.79866,0.79924,1.50,1.50
2011.07.04 23:44:48.506,0.79866,0.79923,1.50,1.50
2011.07.04 23:44:57.992,0.79866,0.79924,1.50,1.50
2011.07.04 23:45:00.961,0.79866,0.79924,1.50,1.50
2011.07.04 23:45:01.874,0.79866,0.79924,1.50,1.50
2011.07.04 23:45:09.794,0.79866,0.79924,1.50,1.50
2011.07.04 23:45:14.131,0.79872,0.79924,1.50,1.50
2011.07.04 23:45:14.350,0.79872,0.79928,1.50,1.50
2011.07.04 23:45:23.911,0.79876,0.7993,1.50,1.50
2011.07.04 23:45:24.019,0.79876,0.7993,1.50,1.50
2011.07.04 23:45:24.831,0.79876,0.79934,1.50,1.50
2011.07.04 23:45:25.181,0.79876,0.79934,1.50,1.50
2011.07.04 23:45:26.441,0.79877,0.79934,1.50,1.50
2011.07.04 23:45:26.550,0.79877,0.79935,1.50,1.50
2011.07.04 23:45:27.410,0.79877,0.79939,1.50,1.50
2011.07.04 23:45:29.794,0.79882,0.79939,1.50,1.50
2011.07.04 23:45:33.030,0.79876,0.79935,1.50,1.50
2011.07.04 23:45:33.963,0.79882,0.79934,1.50,1.50
2011.07.04 23:45:34.912,0.79882,0.79934,1.50,1.50
2011.07.04 23:45:37.770,0.79876,0.79934,1.50,1.50
2011.07.04 23:45:40.794,0.79876,0.79934,1.50,1.50
2011.07.04 23:45:45.430,0.79881,0.79934,1.50,1.50
2011.07.04 23:45:45.540,0.79881,0.79936,1.50,1.50
2011.07.04 23:45:46.750,0.79882,0.79941,1.50,1.50
2011.07.04 23:46:07.210,0.79887,0.79941,1.50,1.50
2011.07.04 23:46:08.171,0.79887,0.79942,1.50,1.50
2011.07.04 23:46:10.823,0.79892,0.79942,1.50,1.50
2011.07.04 23:46:15.000,0.79892,0.79946,1.50,1.50
2011.07.04 23:46:15.872,0.79892,0.79947,1.50,1.50
2011.07.04 23:46:17.871,0.79897,0.79947,1.50,1.50
2011.07.04 23:46:21.520,0.79897,0.79952,1.50,1.50
2011.07.04 23:46:22.251,0.79896,0.79945,1.35,1.50
2011.07.04 23:46:22.470,0.79882,0.79941,1.50,1.35
2011.07.04 23:46:22.580,0.79882,0.7994,1.50,1.50
2011.07.04 23:46:23.862,0.79882,0.7994,1.50,1.50
2011.07.04 23:46:24.851,0.79886,0.79937,1.50,1.50
2011.07.04 23:46:25.470,0.79892,0.79946,1.35,2.10
2011.07.04 23:46:25.690,0.79892,0.79946,1.35,1.35
2011.07.04 23:46:35.500,0.79896,0.79946,1.50,1.35
2011.07.04 23:46:35.830,0.79892,0.79944,1.35,1.50
2011.07.04 23:46:36.883,0.79892,0.79942,2.10,1.50
2011.07.04 23:46:37.871,0.79892,0.79942,1.35,1.50
2011.07.04 23:46:38.271,0.79892,0.79945,1.35,1.50
2011.07.04 23:46:38.490,0.79892,0.79945,2.10,1.50
2011.07.04 23:46:39.042,0.79892,0.79942,2.10,1.50
2011.07.04 23:46:39.851,0.79892,0.79942,1.35,1.50
2011.07.04 23:46:44.240,0.79886,0.79936,1.50,1.35
2011.07.04 23:46:45.901,0.79887,0.79936,1.50,1.35
2011.07.04 23:46:46.891,0.79882,0.79936,1.35,1.35
2011.07.04 23:46:48.651,0.79886,0.79936,1.50,1.35
2011.07.04 23:46:48.760,0.79886,0.79936,1.50,1.35
2011.07.04 23:46:50.199,0.79886,0.79936,1.50,1.35
2011.07.04 23:46:50.793,0.79887,0.79936,1.50,1.35
2011.07.04 23:46:51.011,0.79882,0.79933,1.35,1.50
2011.07.04 23:46:51.613,0.79877,0.7993,1.50,1.35
2011.07.04 23:46:52.132,0.79877,0.79927,1.50,1.35
2011.07.04 23:46:52.891,0.79876,0.79927,1.50,2.10
2011.07.04 23:46:53.881,0.79877,0.79927,1.50,2.10
2011.07.04 23:46:54.101,0.79877,0.79927,1.50,1.35
2011.07.04 23:46:54.321,0.79877,0.79928,1.50,1.35
2011.07.04 23:46:54.431,0.79884,0.79936,1.35,1.50
2011.07.04 23:46:54.540,0.79884,0.79938,1.35,1.35
2011.07.04 23:46:55.911,0.79887,0.79938,1.50,1.35
2011.07.04 23:46:58.001,0.79887,0.79938,1.50,2.10
2011.07.04 23:46:59.911,0.79884,0.79938,1.35,2.10
2011.07.04 23:47:03.979,0.79886,0.79938,1.50,2.10
2011.07.04 23:47:04.610,0.79886,0.79938,1.50,1.35
2011.07.04 23:47:06.911,0.79887,0.79938,1.50,1.35
2011.07.04 23:47:12.020,0.79892,0.79938,1.50,1.35
2011.07.04 23:47:14.902,0.79892,0.79938,1.50,1.35
2011.07.04 23:47:15.700,0.79892,0.7995,1.50,2.10
2011.07.04 23:47:15.809,0.79892,0.7995,1.50,2.10
2011.07.04 23:47:16.030,0.79896,0.79945,1.50,1.50
2011.07.04 23:47:17.302,0.79896,0.79945,1.50,1.50
2011.07.04 23:47:18.000,0.79891,0.79942,1.50,1.35
2011.07.04 23:47:21.812,0.79892,0.79942,1.50,1.35
2011.07.04 23:47:33.271,0.79874,0.79943,3.00,1.50
2011.07.04 23:47:33.509,0.79872,0.79935,1.50,1.50
2011.07.04 23:47:33.619,0.79876,0.79935,1.50,1.50
2011.07.04 23:47:35.215,0.79882,0.79935,1.50,1.50
2011.07.04 23:47:35.882,0.79872,0.79935,1.50,1.50
2011.07.04 23:47:35.990,0.79872,0.7993,1.50,1.50
2011.07.04 23:47:36.591,0.79872,0.7993,1.50,1.50
2011.07.04 23:47:38.791,0.79872,0.7993,1.50,1.50
2011.07.04 23:47:43.851,0.79872,0.7993,1.50,1.50
2011.07.04 23:47:45.730,0.79872,0.79931,1.50,1.50
2011.07.04 23:47:46.582,0.79872,0.79934,1.50,1.50
2011.07.04 23:47:47.586,0.79876,0.79934,1.50,1.50
2011.07.04 23:47:51.940,0.79877,0.79934,1.50,1.50
2011.07.04 23:47:59.519,0.79877,0.79936,1.50,1.50
2011.07.04 23:48:00.551,0.79877,0.79938,1.50,1.50
2011.07.04 23:48:01.535,0.79881,0.79938,1.50,1.50
2011.07.04 23:48:03.234,0.79882,0.79938,1.50,1.50
2011.07.04 23:48:06.910,0.79876,0.79938,1.50,1.50
2011.07.04 23:48:07.041,0.79876,0.79933,1.50,1.50
2011.07.04 23:48:08.910,0.79876,0.79933,1.50,1.50
2011.07.04 23:48:09.811,0.79876,0.79933,1.50,1.50
2011.07.04 23:48:14.990,0.79876,0.79936,1.50,1.50
2011.07.04 23:48:16.061,0.79876,0.79938,1.50,1.50
2011.07.04 23:48:16.911,0.79882,0.79938,1.50,1.50
2011.07.04 23:48:17.841,0.79881,0.79938,1.50,1.50
2011.07.04 23:48:18.121,0.79876,0.79938,1.50,1.50
2011.07.04 23:48:18.230,0.79876,0.79934,1.50,1.50
2011.07.04 23:48:19.770,0.79872,0.7993,1.50,1.50
2011.07.04 23:48:20.681,0.79872,0.79929,1.50,1.50
2011.07.04 23:48:20.871,0.79871,0.79929,2.10,1.50
2011.07.04 23:48:21.750,0.79871,0.79924,1.50,1.50
2011.07.04 23:48:22.655,0.79867,0.79924,1.50,1.50
2011.07.04 23:48:22.884,0.79866,0.79924,1.50,1.50
2011.07.04 23:48:24.800,0.79866,0.79924,1.50,1.50
2011.07.04 23:48:39.001,0.7986,0.79922,1.35,1.50
2011.07.04 23:48:39.111,0.7986,0.79915,1.35,1.50
2011.07.04 23:48:40.335,0.79852,0.79915,1.50,1.50
2011.07.04 23:48:40.440,0.79856,0.79915,1.50,1.50
2011.07.04 23:48:40.550,0.79856,0.79909,1.50,1.50
2011.07.04 23:48:41.363,0.79856,0.79912,1.50,1.50
2011.07.04 23:48:41.863,0.79857,0.79912,1.50,1.50
2011.07.04 23:48:42.693,0.79857,0.79915,1.50,1.50
2011.07.04 23:48:43.122,0.79861,0.79914,1.50,1.35
2011.07.04 23:48:43.450,0.79865,0.79918,1.35,1.50
2011.07.04 23:48:43.671,0.79865,0.79922,1.35,1.50
2011.07.04 23:48:44.000,0.79867,0.79927,1.50,1.35
2011.07.04 23:48:44.332,0.79867,0.79927,1.50,1.35
2011.07.04 23:48:45.883,0.79871,0.79932,1.50,1.50
2011.07.04 23:48:47.363,0.79871,0.79931,1.50,1.50
2011.07.04 23:48:47.935,0.79877,0.79931,1.50,1.50
2011.07.04 23:48:54.463,0.79877,0.79931,1.50,1.50
2011.07.04 23:48:54.773,0.79877,0.79931,1.50,1.50
2011.07.04 23:48:56.762,0.79877,0.79934,1.50,1.50
2011.07.04 23:49:23.614,0.79872,0.79933,1.50,1.50
2011.07.04 23:49:24.201,0.79872,0.79931,1.50,1.50
2011.07.04 23:49:27.179,0.79877,0.7993,1.50,1.50
2011.07.04 23:49:27.291,0.79877,0.79934,1.50,1.50
2011.07.04 23:49:27.892,0.79877,0.79927,1.50,1.50
2011.07.04 23:49:28.001,0.79872,0.79927,1.50,1.50
2011.07.04 23:49:29.871,0.79871,0.79927,1.50,1.50
2011.07.04 23:49:30.861,0.79871,0.79929,1.50,1.50
2011.07.04 23:49:32.490,0.79871,0.79933,1.50,1.50
2011.07.04 23:49:32.710,0.79876,0.79933,1.50,1.50
2011.07.04 23:49:32.820,0.79876,0.79938,1.50,1.35
2011.07.04 23:49:33.910,0.79876,0.79938,1.50,1.35
2011.07.04 23:49:34.021,0.79876,0.79933,1.50,1.50
2011.07.04 23:49:35.810,0.79877,0.79933,1.50,1.50
2011.07.04 23:49:36.210,0.79871,0.79933,1.50,1.50
2011.07.04 23:49:36.320,0.79871,0.79933,1.50,1.50
2011.07.04 23:49:36.579,0.79871,0.79929,1.50,1.50
2011.07.04 23:49:37.801,0.79871,0.79929,1.50,1.50
2011.07.04 23:49:39.211,0.79871,0.79929,1.50,1.50
2011.07.04 23:49:41.751,0.79871,0.79927,1.50,1.50
2011.07.04 23:49:47.791,0.79871,0.79936,1.50,1.50
2011.07.04 23:49:51.321,0.79876,0.79935,1.50,1.50
2011.07.04 23:49:51.862,0.79876,0.79936,1.50,1.50
2011.07.04 23:49:52.641,0.79877,0.79936,1.50,1.50
2011.07.04 23:49:54.501,0.79877,0.79936,1.50,1.50
2011.07.04 23:49:54.882,0.79877,0.79936,1.50,1.50
2011.07.04 23:49:55.579,0.79877,0.79937,1.50,1.50
2011.07.04 23:49:58.520,0.79877,0.79939,1.50,1.50
2011.07.04 23:49:58.909,0.79877,0.79935,1.50,1.50
2011.07.04 23:49:59.891,0.79876,0.79935,1.50,1.50
2011.07.04 23:50:00.831,0.79877,0.79935,1.50,1.50
2011.07.04 23:50:01.541,0.79877,0.79934,1.50,1.50
2011.07.04 23:51:01.463,0.7986,0.79939,3.00,1.35
2011.07.04 23:51:03.202,0.7986,0.79944,2.25,2.85
2011.07.04 23:51:07.706,0.7986,0.79944,2.25,2.25
2011.07.04 23:51:13.041,0.7986,0.79944,3.00,3.00
2011.07.04 23:51:16.342,0.7986,0.79944,3.00,3.00
2011.07.04 23:51:19.207,0.7986,0.79944,3.00,3.00
2011.07.04 23:51:23.339,0.7986,0.79944,3.00,3.00
2011.07.04 23:51:32.951,0.7986,0.79944,3.00,3.00
2011.07.04 23:51:35.921,0.79861,0.79945,3.00,3.00
2011.07.04 23:51:42.865,0.79877,0.79938,1.50,1.50
2011.07.04 23:51:45.862,0.79881,0.79938,1.50,1.50
2011.07.04 23:51:50.892,0.79887,0.79938,1.50,1.50
2011.07.04 23:51:58.103,0.79882,0.79934,1.50,1.50
2011.07.04 23:51:58.211,0.79876,0.79934,1.50,1.50
2011.07.04 23:51:58.872,0.79882,0.79934,1.50,1.50
2011.07.04 23:52:58.430,0.79864,0.79949,3.00,3.00
2011.07.04 23:52:59.051,0.79864,0.79949,2.25,2.25
2011.07.04 23:54:01.020,0.79801,0.79859,1.35,1.50
2011.07.04 23:54:02.400,0.79801,0.79859,1.35,1.50
2011.07.04 23:54:03.941,0.79799,0.79861,1.50,1.50
2011.07.04 23:54:14.770,0.79798,0.79862,1.50,1.50
2011.07.04 23:54:21.771,0.79801,0.79859,1.50,1.50
2011.07.04 23:54:22.311,0.79802,0.79858,1.50,1.50
2011.07.04 23:54:22.395,0.79801,0.79859,2.10,1.50
2011.07.04 23:54:22.979,0.79798,0.79862,1.50,1.50
2011.07.04 23:54:23.257,0.798,0.7986,1.50,1.50
2011.07.04 23:54:23.422,0.79798,0.79862,1.35,1.50
2011.07.04 23:54:26.541,0.798,0.79861,2.10,1.50
2011.07.04 23:54:29.280,0.798,0.79861,1.50,1.50
2011.07.04 23:54:29.879,0.79797,0.79863,1.35,1.50
2011.07.04 23:54:30.147,0.79799,0.79861,1.35,1.50
2011.07.04 23:54:34.771,0.79797,0.79863,1.50,1.50
2011.07.04 23:54:39.350,0.79797,0.79863,1.50,1.50
2011.07.04 23:54:43.420,0.79797,0.79863,1.50,1.50
2011.07.04 23:54:47.127,0.79797,0.79863,1.50,1.50
2011.07.04 23:54:47.820,0.79797,0.79863,1.50,1.50
2011.07.04 23:54:48.459,0.798,0.79861,1.35,1.50
2011.07.04 23:54:48.591,0.79802,0.79858,1.50,1.50
2011.07.04 23:54:49.802,0.79802,0.79858,1.50,1.50
2011.07.04 23:54:51.602,0.798,0.7986,1.35,1.50
2011.07.04 23:54:54.530,0.79803,0.79857,1.50,1.50
2011.07.04 23:54:58.030,0.79802,0.79858,1.50,1.50
2011.07.04 23:54:58.859,0.798,0.7986,1.50,1.50
2011.07.04 23:54:58.971,0.79802,0.79858,1.50,1.50
2011.07.04 23:54:59.081,0.798,0.7986,1.50,1.50
2011.07.04 23:54:59.189,0.79802,0.79858,1.50,1.50
2011.07.04 23:55:10.892,0.79864,0.79949,3.00,3.00
2011.07.04 23:55:11.363,0.79877,0.79937,1.50,1.50
2011.07.04 23:55:11.470,0.79877,0.79937,1.50,1.50
2011.07.04 23:55:17.825,0.79886,0.79942,1.50,1.35
2011.07.04 23:55:20.241,0.79886,0.79943,1.50,1.50
2011.07.04 23:55:20.351,0.79887,0.79946,1.50,1.50
2011.07.04 23:55:20.632,0.79886,0.79946,1.50,1.50
2011.07.04 23:55:20.741,0.79886,0.79951,1.50,1.35
2011.07.04 23:55:21.562,0.79886,0.79951,1.50,1.35
2011.07.04 23:55:23.134,0.79892,0.79951,1.50,1.35
2011.07.04 23:55:26.901,0.79896,0.79951,1.50,1.35
2011.07.04 23:55:39.001,0.79892,0.79949,1.50,1.50
2011.07.04 23:55:39.853,0.79892,0.79947,1.50,1.50
2011.07.04 23:55:45.792,0.79891,0.79948,1.50,1.50
2011.07.04 23:55:47.962,0.79881,0.79948,1.50,1.50
2011.07.04 23:55:48.071,0.79881,0.79939,1.50,1.50
2011.07.04 23:55:48.291,0.79876,0.79939,1.50,1.50
2011.07.04 23:55:49.904,0.79876,0.79933,1.50,1.50
2011.07.04 23:55:51.182,0.79876,0.79931,1.50,1.50
2011.07.04 23:55:53.934,0.79876,0.7993,1.50,1.50
2011.07.04 23:55:54.593,0.79876,0.79934,1.50,1.50
2011.07.04 23:55:55.364,0.79876,0.79929,1.50,1.50
2011.07.04 23:55:59.432,0.79876,0.79932,1.50,1.50
2011.07.04 23:55:59.691,0.7988,0.79933,1.50,1.50
2011.07.04 23:56:00.422,0.79882,0.79934,1.50,1.50
2011.07.04 23:56:07.242,0.79882,0.79936,1.50,1.50
2011.07.04 23:56:20.040,0.79882,0.79939,1.50,1.50
2011.07.04 23:56:20.452,0.79886,0.79944,1.50,1.50
2011.07.04 23:56:20.561,0.79886,0.79945,1.50,1.50
2011.07.04 23:56:37.272,0.79891,0.79945,1.50,1.50
2011.07.04 23:56:44.102,0.79887,0.79945,1.50,1.50
2011.07.04 23:56:44.210,0.79887,0.79941,1.50,1.50
2011.07.04 23:56:45.082,0.79887,0.79938,1.50,1.50
2011.07.04 23:56:45.202,0.79881,0.79938,1.50,1.50
2011.07.04 23:56:46.852,0.79886,0.79939,1.50,1.50
2011.07.04 23:56:50.801,0.79886,0.79941,1.50,1.50
2011.07.04 23:56:53.772,0.79886,0.79939,1.50,1.50
2011.07.04 23:56:59.650,0.79881,0.79938,1.50,1.50
2011.07.04 23:56:59.761,0.79881,0.79935,1.50,1.50
2011.07.04 23:57:00.701,0.79881,0.79934,1.50,1.50
2011.07.04 23:57:01.152,0.79877,0.79934,1.50,1.50
2011.07.04 23:57:01.261,0.79877,0.79929,1.50,1.50
2011.07.04 23:57:01.511,0.79877,0.79933,1.50,1.50
2011.07.04 23:57:02.861,0.79881,0.79934,1.50,1.50
2011.07.04 23:57:06.551,0.79881,0.79938,1.50,1.50
2011.07.04 23:57:07.892,0.79887,0.79938,1.50,1.50
2011.07.04 23:57:20.500,0.79882,0.79938,1.50,1.50
2011.07.04 23:57:20.611,0.79882,0.79936,1.50,1.50
2011.07.04 23:57:26.731,0.79876,0.79932,1.50,1.50
2011.07.04 23:57:27.682,0.79876,0.79933,1.50,1.50
2011.07.04 23:57:28.904,0.79882,0.79933,1.50,1.50
2011.07.04 23:57:29.541,0.79882,0.79938,1.50,1.50
2011.07.04 23:57:30.883,0.79886,0.79939,1.50,1.50
2011.07.04 23:57:41.542,0.79886,0.79939,1.50,1.50
2011.07.04 23:57:41.650,0.79881,0.79938,1.50,1.50
2011.07.04 23:57:42.312,0.79881,0.79934,1.50,1.50
2011.07.04 23:57:47.881,0.79887,0.79933,1.50,1.50
2011.07.04 23:57:54.802,0.79881,0.79934,1.50,1.50
2011.07.04 23:58:10.802,0.79881,0.79936,1.50,1.50
2011.07.04 23:58:17.732,0.79881,0.79934,1.50,1.50
2011.07.04 23:58:25.391,0.79876,0.79934,1.50,1.50
2011.07.04 23:58:26.422,0.79876,0.79931,1.50,1.50
2011.07.04 23:58:35.883,0.79877,0.79931,1.50,1.50
2011.07.04 23:58:37.861,0.79877,0.79934,1.50,1.50
2011.07.04 23:58:39.861,0.79881,0.79934,1.50,1.50
2011.07.04 23:58:49.530,0.79877,0.79934,1.50,1.50
2011.07.04 23:58:51.531,0.79882,0.79936,1.50,1.50
2011.07.04 23:58:54.502,0.79882,0.79937,1.50,1.50
2011.07.04 23:58:55.792,0.79883,0.79937,1.50,1.50
2011.07.04 23:59:56.016,0.79871,0.79954,2.25,2.25
