2017.09.12 12:00:00.137,0.88495,0.8852,1.00,1.00
2017.09.12 12:00:00.678,0.88496,0.88521,1.00,1.00
2017.09.12 12:00:00.779,0.88496,0.88519,1.00,1.00
2017.09.12 12:00:01.408,0.88495,0.88519,1.00,1.00
2017.09.12 12:00:01.459,0.88492,0.88517,1.00,1.00
2017.09.12 12:00:01.785,0.88492,0.88515,1.00,1.00
2017.09.12 12:00:02.168,0.88495,0.88517,1.00,1.00
2017.09.12 12:00:02.327,0.88497,0.8852,1.00,1.00
2017.09.12 12:00:02.429,0.88494,0.8852,1.35,1.00
2017.09.12 12:00:02.530,0.88496,0.88519,1.00,1.00
2017.09.12 12:00:02.682,0.88493,0.88519,1.60,1.00
2017.09.12 12:00:03.469,0.88497,0.8852,1.00,1.00
2017.09.12 12:00:04.078,0.88496,0.8852,1.00,1.00
2017.09.12 12:00:06.542,0.88499,0.8852,1.00,1.00
2017.09.12 12:00:06.643,0.88497,0.88519,1.00,1.00
2017.09.12 12:00:06.949,0.88495,0.88519,1.00,1.00
2017.09.12 12:00:07.486,0.88495,0.88516,1.00,1.00
2017.09.12 12:00:08.150,0.88494,0.88515,1.00,1.00
2017.09.12 12:00:08.201,0.88492,0.88514,1.00,1.00
2017.09.12 12:00:08.833,0.88492,0.88515,1.00,1.00
2017.09.12 12:00:09.599,0.88493,0.88516,1.00,1.00
2017.09.12 12:00:09.697,0.88493,0.88514,1.00,1.00
2017.09.12 12:00:12.396,0.88494,0.88514,1.00,1.00
2017.09.12 12:00:12.515,0.88491,0.88513,1.00,1.00
2017.09.12 12:00:12.718,0.88491,0.88515,1.00,2.25
2017.09.12 12:00:12.769,0.88497,0.88518,1.00,1.50
2017.09.12 12:00:13.105,0.885,0.88521,1.00,1.75
2017.09.12 12:00:13.261,0.885,0.88521,1.00,1.00
2017.09.12 12:00:13.861,0.885,0.88523,1.00,1.00
2017.09.12 12:00:14.415,0.88501,0.88524,1.00,1.00
2017.09.12 12:00:15.517,0.88502,0.88524,1.00,1.00
2017.09.12 12:00:17.135,0.88502,0.88523,1.00,1.00
2017.09.12 12:00:17.856,0.88501,0.88523,1.00,1.00
2017.09.12 12:00:18.513,0.88502,0.88524,1.00,1.00
2017.09.12 12:00:20.684,0.88501,0.88524,1.00,1.00
2017.09.12 12:00:29.229,0.88501,0.88526,1.00,2.25
2017.09.12 12:00:29.279,0.88499,0.88522,1.00,1.00
2017.09.12 12:00:29.581,0.88497,0.88518,1.00,1.00
2017.09.12 12:00:31.399,0.88495,0.88518,1.00,1.00
2017.09.12 12:00:31.450,0.88494,0.88515,1.00,1.00
2017.09.12 12:00:31.501,0.88491,0.88513,1.00,1.00
2017.09.12 12:00:32.164,0.8849,0.88513,1.00,1.00
2017.09.12 12:00:32.345,0.88493,0.88514,1.00,1.00
2017.09.12 12:00:33.642,0.88492,0.88513,1.00,1.00
2017.09.12 12:00:36.491,0.88489,0.88512,1.00,1.00
2017.09.12 12:00:36.542,0.88487,0.88509,1.00,1.00
2017.09.12 12:00:36.898,0.88486,0.88507,1.00,1.00
2017.09.12 12:00:37.425,0.88484,0.88507,1.00,1.00
2017.09.12 12:00:37.736,0.88491,0.8851,1.00,1.00
2017.09.12 12:00:37.786,0.8849,0.88514,1.00,1.00
2017.09.12 12:00:37.938,0.88492,0.88515,1.00,1.00
2017.09.12 12:00:39.020,0.88493,0.88516,1.00,1.00
2017.09.12 12:00:39.577,0.88493,0.88514,1.00,1.00
2017.09.12 12:00:40.248,0.88494,0.88515,1.00,1.00
2017.09.12 12:00:41.118,0.88494,0.88516,1.00,1.00
2017.09.12 12:00:41.595,0.88496,0.88519,1.00,1.00
2017.09.12 12:00:41.747,0.88497,0.88517,1.00,1.00
2017.09.12 12:00:44.674,0.88493,0.88513,1.00,1.00
2017.09.12 12:00:44.826,0.88485,0.88508,1.00,1.00
2017.09.12 12:00:45.085,0.88487,0.88509,1.00,1.00
2017.09.12 12:00:47.695,0.88489,0.88509,1.00,1.00
2017.09.12 12:00:48.916,0.88489,0.8851,1.00,1.00
2017.09.12 12:00:49.598,0.88488,0.88509,1.00,1.00
2017.09.12 12:00:54.494,0.88489,0.88509,1.00,1.00
2017.09.12 12:00:55.041,0.8849,0.8851,1.00,1.00
2017.09.12 12:00:55.590,0.88489,0.88509,1.00,1.00
2017.09.12 12:00:56.110,0.8849,0.8851,1.00,1.00
2017.09.12 12:00:57.229,0.88491,0.88511,1.00,1.00
2017.09.12 12:00:57.500,0.88489,0.88511,1.00,1.00
2017.09.12 12:01:00.572,0.8849,0.88512,1.00,1.00
2017.09.12 12:01:04.689,0.88489,0.8851,1.00,1.00
2017.09.12 12:01:05.050,0.88488,0.88508,1.00,1.00
2017.09.12 12:01:05.479,0.88489,0.88511,1.00,1.00
2017.09.12 12:01:05.541,0.88491,0.88511,1.00,1.00
2017.09.12 12:01:08.890,0.88493,0.88513,1.00,1.00
2017.09.12 12:01:09.193,0.88491,0.88511,1.00,1.00
2017.09.12 12:01:10.999,0.88492,0.88512,1.00,1.00
2017.09.12 12:01:11.049,0.88492,0.88515,1.00,1.00
2017.09.12 12:01:12.470,0.88495,0.88515,1.00,1.00
2017.09.12 12:01:12.694,0.88493,0.88514,1.00,1.00
2017.09.12 12:01:13.508,0.88492,0.88513,1.00,1.00
2017.09.12 12:01:13.611,0.88491,0.88511,1.00,1.00
2017.09.12 12:01:15.150,0.88492,0.88513,1.00,1.00
2017.09.12 12:01:17.254,0.88492,0.88512,1.00,1.00
2017.09.12 12:01:17.756,0.8849,0.88513,1.00,1.00
2017.09.12 12:01:17.857,0.88492,0.88513,1.00,1.00
2017.09.12 12:01:22.583,0.88497,0.88518,1.00,1.00
2017.09.12 12:01:22.633,0.88498,0.8852,1.00,2.25
2017.09.12 12:01:22.684,0.88501,0.88521,1.00,1.00
2017.09.12 12:01:24.101,0.88503,0.88524,1.00,1.00
2017.09.12 12:01:25.348,0.88501,0.88525,1.00,1.00
2017.09.12 12:01:26.605,0.88503,0.88526,1.00,1.00
2017.09.12 12:01:36.574,0.88505,0.88525,1.00,1.00
2017.09.12 12:01:38.532,0.88506,0.88526,1.00,1.00
2017.09.12 12:01:39.168,0.88508,0.88528,1.00,1.00
2017.09.12 12:01:39.684,0.88509,0.88531,1.00,1.50
2017.09.12 12:01:39.835,0.88509,0.88529,1.00,1.00
2017.09.12 12:01:39.937,0.8851,0.88532,1.00,1.00
2017.09.12 12:01:39.988,0.88512,0.88533,1.00,1.00
2017.09.12 12:01:40.432,0.88506,0.88526,1.00,1.00
2017.09.12 12:01:40.534,0.88505,0.88528,1.00,1.00
2017.09.12 12:01:41.221,0.88504,0.88526,1.00,1.00
2017.09.12 12:01:41.524,0.88498,0.88511,1.00,1.00
2017.09.12 12:01:41.575,0.88492,0.88512,1.12,1.00
2017.09.12 12:01:41.626,0.88489,0.88511,1.00,1.00
2017.09.12 12:01:42.655,0.88491,0.88513,1.00,1.00
2017.09.12 12:01:43.119,0.88497,0.88519,1.00,1.00
2017.09.12 12:01:43.634,0.885,0.8852,1.00,1.00
2017.09.12 12:01:44.147,0.88501,0.88521,1.00,1.00
2017.09.12 12:01:44.198,0.88499,0.88521,1.00,1.00
2017.09.12 12:01:47.094,0.88501,0.88521,1.00,1.00
2017.09.12 12:01:47.314,0.885,0.88523,1.00,1.00
2017.09.12 12:01:48.228,0.88501,0.88524,1.00,1.00
2017.09.12 12:01:48.279,0.88503,0.88523,1.00,1.00
2017.09.12 12:01:48.330,0.88504,0.88525,1.00,1.00
2017.09.12 12:01:48.865,0.88504,0.88527,1.00,1.00
2017.09.12 12:01:49.683,0.88504,0.88529,1.00,1.00
2017.09.12 12:01:50.342,0.88503,0.88528,1.00,1.00
2017.09.12 12:01:50.533,0.88506,0.88529,1.00,1.00
2017.09.12 12:01:51.594,0.88502,0.88524,1.00,1.00
2017.09.12 12:01:51.923,0.88501,0.88522,1.00,1.00
2017.09.12 12:01:55.365,0.885,0.88522,1.00,1.00
2017.09.12 12:01:57.052,0.88499,0.8852,1.00,1.00
2017.09.12 12:01:57.103,0.88497,0.8852,1.00,1.00
2017.09.12 12:01:57.305,0.88499,0.88522,1.00,1.00
2017.09.12 12:01:57.643,0.88501,0.88523,1.00,1.00
2017.09.12 12:01:58.145,0.88502,0.88524,1.00,1.00
2017.09.12 12:01:58.948,0.88503,0.88525,1.00,1.00
2017.09.12 12:01:59.257,0.88504,0.88527,1.00,1.00
2017.09.12 12:01:59.766,0.88504,0.88526,1.00,1.00
2017.09.12 12:02:00.124,0.88502,0.88526,1.00,1.00
2017.09.12 12:02:00.398,0.88505,0.88526,1.00,1.00
2017.09.12 12:02:00.499,0.88506,0.88528,1.00,1.00
2017.09.12 12:02:00.550,0.88507,0.8853,1.00,1.00
2017.09.12 12:02:00.702,0.8851,0.88531,1.00,1.00
2017.09.12 12:02:01.037,0.88512,0.88533,1.00,1.00
2017.09.12 12:02:01.976,0.88513,0.88534,1.00,1.00
2017.09.12 12:02:02.847,0.88514,0.88536,1.00,1.00
2017.09.12 12:02:04.081,0.88516,0.88536,1.00,1.00
2017.09.12 12:02:08.818,0.88514,0.88535,1.00,1.00
2017.09.12 12:02:09.500,0.88514,0.88534,1.00,1.00
2017.09.12 12:02:10.277,0.88514,0.88536,1.00,1.00
2017.09.12 12:02:10.803,0.88513,0.88536,1.00,1.00
2017.09.12 12:02:14.023,0.88515,0.88536,1.00,1.00
2017.09.12 12:02:14.223,0.88516,0.88538,1.00,1.00
2017.09.12 12:02:15.208,0.88516,0.88536,1.00,1.00
2017.09.12 12:02:15.710,0.88515,0.88535,1.00,1.00
2017.09.12 12:02:16.250,0.88515,0.88536,1.00,1.00
2017.09.12 12:02:16.911,0.88516,0.88536,1.00,1.00
2017.09.12 12:02:17.062,0.88525,0.88546,1.00,1.00
2017.09.12 12:02:17.113,0.88527,0.88548,1.00,1.00
2017.09.12 12:02:17.765,0.88526,0.88547,1.00,1.00
2017.09.12 12:02:18.371,0.88526,0.88546,1.00,1.00
2017.09.12 12:02:18.423,0.88529,0.88551,1.00,1.00
2017.09.12 12:02:18.473,0.88533,0.88553,1.00,1.00
2017.09.12 12:02:18.575,0.88533,0.88556,1.00,1.00
2017.09.12 12:02:18.904,0.88537,0.88558,1.00,1.00
2017.09.12 12:02:19.462,0.88538,0.88558,1.00,1.00
2017.09.12 12:02:20.159,0.88538,0.88559,1.00,1.50
2017.09.12 12:02:20.310,0.88539,0.88562,1.00,1.00
2017.09.12 12:02:20.361,0.8854,0.8856,1.00,1.00
2017.09.12 12:02:20.643,0.88541,0.88563,1.00,1.00
2017.09.12 12:02:20.694,0.8854,0.88561,1.00,1.00
2017.09.12 12:02:20.745,0.88535,0.88557,1.00,1.00
2017.09.12 12:02:20.846,0.88535,0.88555,1.00,1.00
2017.09.12 12:02:20.998,0.88535,0.88557,1.00,1.00
2017.09.12 12:02:22.165,0.88537,0.88557,1.00,1.00
2017.09.12 12:02:22.317,0.88535,0.88556,1.00,1.00
2017.09.12 12:02:23.086,0.88535,0.88558,1.00,1.50
2017.09.12 12:02:23.589,0.88538,0.88558,1.00,1.00
2017.09.12 12:02:24.967,0.88537,0.88558,1.00,1.00
2017.09.12 12:02:25.502,0.88537,0.88559,1.00,1.00
2017.09.12 12:02:26.626,0.88537,0.88557,1.00,1.00
2017.09.12 12:02:28.069,0.88537,0.88556,1.00,1.00
2017.09.12 12:02:28.349,0.88524,0.88545,1.00,1.00
2017.09.12 12:02:28.866,0.88525,0.88544,1.00,1.00
2017.09.12 12:02:29.017,0.88525,0.88546,1.00,1.00
2017.09.12 12:02:29.592,0.88525,0.88545,1.00,1.00
2017.09.12 12:02:30.191,0.88523,0.88545,1.00,1.00
2017.09.12 12:02:30.659,0.88522,0.88541,1.00,1.00
2017.09.12 12:02:30.760,0.88515,0.88537,1.00,1.00
2017.09.12 12:02:30.811,0.88513,0.88534,1.00,1.00
2017.09.12 12:02:31.137,0.88524,0.88543,1.00,1.00
2017.09.12 12:02:31.238,0.88525,0.88547,1.00,1.00
2017.09.12 12:02:31.289,0.88527,0.88546,1.00,1.00
2017.09.12 12:02:31.591,0.88524,0.88542,1.00,1.00
2017.09.12 12:02:31.642,0.88525,0.88546,1.00,1.00
2017.09.12 12:02:32.404,0.88524,0.88546,1.00,1.00
2017.09.12 12:02:35.154,0.88526,0.88546,1.00,1.00
2017.09.12 12:02:35.205,0.88527,0.8855,1.00,1.50
2017.09.12 12:02:35.255,0.88528,0.88548,1.00,1.00
2017.09.12 12:02:35.556,0.88527,0.88546,1.00,1.00
2017.09.12 12:02:35.762,0.88525,0.88547,1.00,1.00
2017.09.12 12:02:35.812,0.88523,0.88545,1.00,1.00
2017.09.12 12:02:36.848,0.88526,0.88544,1.00,1.00
2017.09.12 12:02:37.301,0.88524,0.88545,1.00,1.00
2017.09.12 12:02:37.352,0.88521,0.88542,1.00,1.00
2017.09.12 12:02:37.655,0.88519,0.8854,1.00,1.00
2017.09.12 12:02:37.958,0.88518,0.88537,1.00,1.00
2017.09.12 12:02:38.316,0.88518,0.88539,1.00,1.00
2017.09.12 12:02:38.468,0.88515,0.88538,1.00,1.00
2017.09.12 12:02:38.519,0.88515,0.88535,1.00,1.00
2017.09.12 12:02:38.569,0.88515,0.88537,1.00,1.00
2017.09.12 12:02:38.670,0.88523,0.88542,1.00,1.50
2017.09.12 12:02:38.986,0.88524,0.88544,1.00,1.00
2017.09.12 12:02:39.189,0.88522,0.88543,1.00,1.00
2017.09.12 12:02:39.997,0.88522,0.88542,1.00,1.00
2017.09.12 12:02:40.392,0.88521,0.8854,1.00,1.00
2017.09.12 12:02:41.027,0.88522,0.88541,1.00,1.00
2017.09.12 12:02:41.224,0.8852,0.88541,1.00,1.00
2017.09.12 12:02:43.268,0.88519,0.8854,1.00,1.00
2017.09.12 12:02:43.370,0.88522,0.88542,1.00,1.00
2017.09.12 12:02:44.917,0.88521,0.88542,1.00,1.00
2017.09.12 12:02:45.018,0.88519,0.88541,1.00,1.00
2017.09.12 12:02:45.119,0.88517,0.8854,1.00,1.00
2017.09.12 12:02:45.220,0.8852,0.8854,1.00,1.00
2017.09.12 12:02:45.536,0.88518,0.88537,1.00,1.00
2017.09.12 12:02:45.587,0.88515,0.88536,1.00,1.00
2017.09.12 12:02:45.690,0.88513,0.88534,1.00,1.00
2017.09.12 12:02:45.992,0.88503,0.88521,1.00,1.00
2017.09.12 12:02:46.329,0.88505,0.88523,1.00,1.00
2017.09.12 12:02:46.694,0.88507,0.88527,1.00,1.00
2017.09.12 12:02:46.895,0.88509,0.88527,1.00,1.00
2017.09.12 12:02:47.213,0.8851,0.8853,1.00,1.00
2017.09.12 12:02:47.265,0.88514,0.88533,1.00,1.00
2017.09.12 12:02:47.417,0.88514,0.88535,1.00,1.00
2017.09.12 12:02:47.630,0.88513,0.88533,1.00,1.00
2017.09.12 12:02:48.272,0.88517,0.88536,1.00,1.00
2017.09.12 12:02:48.324,0.88518,0.88538,1.00,1.00
2017.09.12 12:02:48.721,0.88517,0.88536,1.00,1.00
2017.09.12 12:02:48.772,0.88514,0.88534,1.00,1.00
2017.09.12 12:02:49.025,0.88512,0.88531,1.00,1.00
2017.09.12 12:02:50.542,0.88514,0.88532,1.00,1.00
2017.09.12 12:02:50.670,0.88512,0.88533,1.00,1.00
2017.09.12 12:02:51.967,0.88515,0.88534,1.00,1.00
2017.09.12 12:02:52.270,0.8852,0.88539,1.00,1.00
2017.09.12 12:02:52.949,0.88518,0.88539,1.00,1.00
2017.09.12 12:02:53.299,0.88516,0.88536,1.00,1.00
2017.09.12 12:02:53.687,0.88518,0.88537,1.00,1.00
2017.09.12 12:02:54.209,0.88517,0.88536,1.00,1.00
2017.09.12 12:02:55.586,0.88515,0.88537,1.00,1.00
2017.09.12 12:02:56.158,0.88514,0.88534,1.00,1.00
2017.09.12 12:02:56.490,0.88513,0.88532,1.00,1.00
2017.09.12 12:02:57.063,0.88514,0.88533,1.00,1.00
2017.09.12 12:02:57.114,0.88512,0.88533,1.00,1.00
2017.09.12 12:02:57.420,0.88511,0.8853,1.00,1.00
2017.09.12 12:02:57.622,0.88511,0.88532,1.00,1.00
2017.09.12 12:02:57.811,0.88515,0.88536,1.00,1.00
2017.09.12 12:02:59.693,0.88511,0.88532,1.00,1.00
2017.09.12 12:03:00.050,0.88509,0.88531,1.00,1.00
2017.09.12 12:03:00.101,0.88513,0.88533,1.00,1.00
2017.09.12 12:03:00.428,0.88513,0.88535,1.00,1.00
2017.09.12 12:03:01.414,0.8851,0.88531,1.00,1.00
2017.09.12 12:03:02.074,0.88509,0.88529,1.00,1.00
2017.09.12 12:03:02.938,0.88506,0.88527,1.00,1.00
2017.09.12 12:03:03.483,0.88506,0.88526,1.00,1.00
2017.09.12 12:03:03.635,0.88508,0.88529,1.00,1.00
2017.09.12 12:03:04.462,0.88509,0.8853,1.00,1.00
2017.09.12 12:03:04.869,0.88507,0.88529,1.00,1.00
2017.09.12 12:03:05.011,0.88513,0.88531,1.00,1.00
2017.09.12 12:03:05.536,0.88512,0.88533,1.00,1.00
2017.09.12 12:03:05.587,0.88515,0.88534,1.00,1.00
2017.09.12 12:03:05.739,0.88513,0.88534,1.00,1.00
2017.09.12 12:03:08.102,0.88513,0.88532,1.00,1.00
2017.09.12 12:03:08.459,0.88513,0.88534,1.00,1.00
2017.09.12 12:03:08.987,0.88511,0.8853,1.00,1.00
2017.09.12 12:03:09.650,0.88514,0.88532,1.00,1.00
2017.09.12 12:03:09.802,0.88511,0.88532,1.00,1.00
2017.09.12 12:03:10.558,0.88513,0.88531,1.00,1.00
2017.09.12 12:03:10.760,0.8851,0.88531,1.00,1.00
2017.09.12 12:03:10.810,0.88509,0.88528,1.00,1.00
2017.09.12 12:03:11.437,0.88508,0.88527,1.00,1.00
2017.09.12 12:03:11.989,0.88505,0.88528,1.00,1.00
2017.09.12 12:03:12.944,0.88503,0.88528,1.00,1.00
2017.09.12 12:03:12.995,0.885,0.88523,1.50,1.00
2017.09.12 12:03:13.224,0.88498,0.88522,1.00,1.00
2017.09.12 12:03:13.795,0.88499,0.88521,1.00,1.00
2017.09.12 12:03:14.954,0.88495,0.88519,1.00,1.00
2017.09.12 12:03:15.604,0.88495,0.88518,1.00,1.00
2017.09.12 12:03:16.129,0.88496,0.88519,1.00,1.00
2017.09.12 12:03:16.280,0.88497,0.88521,1.00,1.00
2017.09.12 12:03:16.905,0.88497,0.88522,1.00,1.00
2017.09.12 12:03:17.404,0.885,0.88522,1.00,1.00
2017.09.12 12:03:17.556,0.88504,0.88529,1.00,1.00
2017.09.12 12:03:17.823,0.88503,0.88527,1.00,1.00
2017.09.12 12:03:17.975,0.88501,0.88526,1.00,1.00
2017.09.12 12:03:18.249,0.885,0.88524,1.00,1.00
2017.09.12 12:03:18.787,0.88501,0.88526,1.00,1.00
2017.09.12 12:03:21.392,0.88501,0.88523,1.00,1.00
2017.09.12 12:03:21.821,0.88499,0.88522,1.00,1.00
2017.09.12 12:03:22.604,0.88501,0.88523,1.00,1.00
2017.09.12 12:03:23.105,0.885,0.88523,1.00,1.00
2017.09.12 12:03:24.149,0.885,0.88521,1.00,1.00
2017.09.12 12:03:24.399,0.885,0.88523,1.00,1.00
2017.09.12 12:03:24.450,0.88503,0.88524,1.00,1.00
2017.09.12 12:03:24.552,0.88503,0.88526,1.00,1.00
2017.09.12 12:03:24.703,0.88501,0.88525,1.00,1.00
2017.09.12 12:03:25.087,0.88502,0.88523,1.00,1.00
2017.09.12 12:03:25.368,0.88499,0.88524,2.25,1.00
2017.09.12 12:03:26.042,0.885,0.88524,1.00,1.00
2017.09.12 12:03:26.292,0.885,0.88521,1.00,1.00
2017.09.12 12:03:27.095,0.88499,0.8852,1.00,1.00
2017.09.12 12:03:27.146,0.88497,0.8852,1.00,1.00
2017.09.12 12:03:27.347,0.88495,0.88518,1.00,1.00
2017.09.12 12:03:28.298,0.88495,0.88516,1.00,1.00
2017.09.12 12:03:29.836,0.88493,0.88516,1.00,1.00
2017.09.12 12:03:31.093,0.88493,0.88514,1.00,1.00
2017.09.12 12:03:31.245,0.88491,0.88514,1.00,1.00
2017.09.12 12:03:31.561,0.88489,0.8851,1.00,1.00
2017.09.12 12:03:31.662,0.88486,0.88509,2.25,1.00
2017.09.12 12:03:31.713,0.88482,0.88503,1.12,1.00
2017.09.12 12:03:31.814,0.88483,0.88506,1.00,1.00
2017.09.12 12:03:31.917,0.88486,0.88508,1.00,1.00
2017.09.12 12:03:31.967,0.88481,0.88507,1.00,1.00
2017.09.12 12:03:32.215,0.88484,0.88506,1.00,1.00
2017.09.12 12:03:32.677,0.88489,0.8851,1.00,1.00
2017.09.12 12:03:33.011,0.88486,0.8851,1.00,1.00
2017.09.12 12:03:33.113,0.88485,0.88508,1.00,1.00
2017.09.12 12:03:33.992,0.88486,0.88509,1.00,1.00
2017.09.12 12:03:34.532,0.88485,0.88509,1.00,1.00
2017.09.12 12:03:35.308,0.88484,0.88509,1.00,1.00
2017.09.12 12:03:35.612,0.88485,0.88507,1.00,1.00
2017.09.12 12:03:37.868,0.88487,0.8851,1.00,1.00
2017.09.12 12:03:37.918,0.88487,0.88508,1.00,1.00
2017.09.12 12:03:37.969,0.88485,0.88507,1.00,1.00
2017.09.12 12:03:39.702,0.88486,0.88509,1.00,1.00
2017.09.12 12:03:39.825,0.88483,0.88506,1.00,1.00
2017.09.12 12:03:40.506,0.88485,0.88507,1.00,1.00
2017.09.12 12:03:40.980,0.88487,0.8851,1.00,1.00
2017.09.12 12:03:41.142,0.88487,0.88508,1.00,1.00
2017.09.12 12:03:44.010,0.88485,0.88508,1.00,1.00
2017.09.12 12:03:44.780,0.88487,0.88508,1.00,1.00
2017.09.12 12:03:44.831,0.88487,0.8851,1.00,1.00
2017.09.12 12:03:44.882,0.88489,0.8851,1.00,1.00
2017.09.12 12:03:45.034,0.88486,0.88508,1.00,1.00
2017.09.12 12:03:46.685,0.88484,0.88507,1.00,1.00
2017.09.12 12:03:46.902,0.88487,0.88508,1.00,1.00
2017.09.12 12:03:48.465,0.88486,0.8851,1.00,1.00
2017.09.12 12:03:48.990,0.88487,0.8851,1.00,1.00
2017.09.12 12:03:49.769,0.88487,0.88508,1.00,1.00
2017.09.12 12:03:50.209,0.88484,0.88505,1.00,1.00
2017.09.12 12:03:50.310,0.88482,0.88504,1.00,1.00
2017.09.12 12:03:50.498,0.88485,0.88508,1.00,1.00
2017.09.12 12:03:50.549,0.88487,0.88508,1.00,1.00
2017.09.12 12:03:51.185,0.88486,0.88507,1.00,1.00
2017.09.12 12:03:51.820,0.88484,0.88507,1.00,1.00
2017.09.12 12:03:52.136,0.88482,0.88498,1.00,1.00
2017.09.12 12:03:52.389,0.8846,0.88481,1.12,1.00
2017.09.12 12:03:52.441,0.8846,0.88477,1.12,1.00
2017.09.12 12:03:52.623,0.88454,0.88477,1.50,1.00
2017.09.12 12:03:52.674,0.88453,0.88479,1.00,1.00
2017.09.12 12:03:52.725,0.88459,0.88482,1.00,1.00
2017.09.12 12:03:52.827,0.88461,0.88485,1.00,1.00
2017.09.12 12:03:53.343,0.88462,0.88486,1.00,1.00
2017.09.12 12:03:53.626,0.88461,0.88484,1.00,1.00
2017.09.12 12:03:54.158,0.88461,0.88482,1.00,1.00
2017.09.12 12:03:54.818,0.8846,0.88481,1.00,1.00
2017.09.12 12:03:55.085,0.88461,0.88483,1.00,1.00
2017.09.12 12:03:55.186,0.88459,0.88484,1.00,1.00
2017.09.12 12:03:55.668,0.88461,0.88484,1.00,1.00
2017.09.12 12:03:57.839,0.88462,0.88484,1.00,1.00
2017.09.12 12:03:57.889,0.8846,0.88485,1.00,1.00
2017.09.12 12:03:58.568,0.8846,0.88484,1.00,1.00
2017.09.12 12:03:59.042,0.88459,0.88482,1.00,1.00
2017.09.12 12:04:00.268,0.88456,0.88481,1.50,1.00
2017.09.12 12:04:00.319,0.88456,0.88478,1.50,1.00
2017.09.12 12:04:00.370,0.88454,0.88478,1.00,1.00
2017.09.12 12:04:00.591,0.88455,0.88482,1.00,1.00
2017.09.12 12:04:00.641,0.88457,0.8848,1.00,1.00
2017.09.12 12:04:01.342,0.88463,0.88484,1.00,1.00
2017.09.12 12:04:01.826,0.88465,0.88486,1.00,1.00
2017.09.12 12:04:01.978,0.88464,0.88488,1.00,1.00
2017.09.12 12:04:03.085,0.88464,0.88486,1.00,1.00
2017.09.12 12:04:03.575,0.88464,0.88488,1.00,1.00
2017.09.12 12:04:04.029,0.88467,0.8849,1.00,1.00
2017.09.12 12:04:04.377,0.8847,0.88491,1.00,1.00
2017.09.12 12:04:04.428,0.88466,0.88488,2.25,1.00
2017.09.12 12:04:04.529,0.88463,0.88487,1.00,1.00
2017.09.12 12:04:04.681,0.88461,0.88485,1.00,1.00
2017.09.12 12:04:05.193,0.8846,0.88484,1.00,1.00
2017.09.12 12:04:05.496,0.88465,0.88485,1.00,1.00
2017.09.12 12:04:05.597,0.88466,0.88488,1.00,1.00
2017.09.12 12:04:05.888,0.88462,0.88486,1.50,1.00
2017.09.12 12:04:05.990,0.88464,0.88485,1.00,1.00
2017.09.12 12:04:06.247,0.88465,0.88488,1.00,1.00
2017.09.12 12:04:06.974,0.88466,0.88489,1.00,1.00
2017.09.12 12:04:07.190,0.88464,0.88488,2.25,1.00
2017.09.12 12:04:09.358,0.88467,0.88492,1.00,1.00
2017.09.12 12:04:09.408,0.8847,0.88493,1.00,1.00
2017.09.12 12:04:09.895,0.88467,0.88486,1.00,1.00
2017.09.12 12:04:10.046,0.8846,0.88483,1.00,1.00
2017.09.12 12:04:10.678,0.88458,0.88483,1.50,1.00
2017.09.12 12:04:11.299,0.88458,0.88484,1.50,1.00
2017.09.12 12:04:12.119,0.88459,0.88484,1.00,1.00
2017.09.12 12:04:13.202,0.88459,0.88486,1.12,1.00
2017.09.12 12:04:13.709,0.88458,0.88485,1.50,1.00
2017.09.12 12:04:14.368,0.88458,0.88483,1.50,1.00
2017.09.12 12:04:14.418,0.88458,0.88485,1.50,1.00
2017.09.12 12:04:16.958,0.88459,0.88484,1.50,1.00
2017.09.12 12:04:17.488,0.8846,0.88483,1.00,1.00
2017.09.12 12:04:18.115,0.88459,0.88484,1.12,1.00
2017.09.12 12:04:18.907,0.88459,0.88483,1.12,1.00
2017.09.12 12:04:18.958,0.88459,0.88481,1.87,1.00
2017.09.12 12:04:19.311,0.88455,0.88479,1.00,1.00
2017.09.12 12:04:20.798,0.88458,0.88482,1.00,1.00
2017.09.12 12:04:21.099,0.8846,0.88484,3.00,1.00
2017.09.12 12:04:21.927,0.8846,0.88483,1.75,1.00
2017.09.12 12:04:22.841,0.88459,0.88483,1.00,1.00
2017.09.12 12:04:23.379,0.8846,0.88483,1.00,1.00
2017.09.12 12:04:23.860,0.8846,0.88485,1.50,1.00
2017.09.12 12:04:24.838,0.88461,0.88485,1.00,1.00
2017.09.12 12:04:25.616,0.88464,0.88487,1.00,1.00
2017.09.12 12:04:25.919,0.88463,0.88485,1.50,1.00
2017.09.12 12:04:25.970,0.88461,0.88485,1.50,1.00
2017.09.12 12:04:26.395,0.88465,0.88485,1.00,1.00
2017.09.12 12:04:26.616,0.88462,0.88485,1.00,1.00
2017.09.12 12:04:26.818,0.88461,0.88483,2.25,1.00
2017.09.12 12:04:26.987,0.88459,0.88483,1.00,1.00
2017.09.12 12:04:29.043,0.8846,0.88484,1.00,1.00
2017.09.12 12:04:31.179,0.8846,0.88482,1.00,1.00
2017.09.12 12:04:31.381,0.88458,0.88482,2.62,1.00
2017.09.12 12:04:31.432,0.8846,0.88485,1.00,1.00
2017.09.12 12:04:31.562,0.88458,0.88482,1.12,1.00
2017.09.12 12:04:31.875,0.88459,0.8848,1.00,1.00
2017.09.12 12:04:32.422,0.88457,0.88479,1.50,1.00
2017.09.12 12:04:32.923,0.88457,0.88479,1.00,1.00
2017.09.12 12:04:33.424,0.88456,0.88479,1.00,1.00
2017.09.12 12:04:35.228,0.88455,0.88479,1.50,1.00
2017.09.12 12:04:35.568,0.88455,0.88477,1.00,1.00
2017.09.12 12:04:36.268,0.88455,0.88478,1.00,1.00
2017.09.12 12:04:37.250,0.8845,0.88475,1.00,1.00
2017.09.12 12:04:38.742,0.88452,0.88477,1.00,1.00
2017.09.12 12:04:39.153,0.88454,0.88477,1.00,1.00
2017.09.12 12:04:40.092,0.88455,0.88478,1.00,1.00
2017.09.12 12:04:40.611,0.88456,0.88478,1.00,1.00
2017.09.12 12:04:43.658,0.88456,0.88477,1.00,1.00
2017.09.12 12:04:44.173,0.88455,0.88477,2.25,1.00
2017.09.12 12:04:45.103,0.88456,0.88478,2.25,1.00
2017.09.12 12:04:47.648,0.88458,0.8848,1.00,1.00
2017.09.12 12:04:48.207,0.88459,0.8848,1.00,1.00
2017.09.12 12:04:49.779,0.88457,0.88481,1.00,1.00
2017.09.12 12:04:50.034,0.88457,0.88479,1.00,1.00
2017.09.12 12:04:50.551,0.88458,0.8848,1.00,1.00
2017.09.12 12:04:51.104,0.88459,0.8848,1.00,1.00
2017.09.12 12:04:52.626,0.88461,0.88482,1.00,1.00
2017.09.12 12:04:52.828,0.88469,0.88492,1.00,1.50
2017.09.12 12:04:52.878,0.88471,0.88491,1.00,1.12
2017.09.12 12:04:53.444,0.8847,0.88492,1.00,1.50
2017.09.12 12:04:53.495,0.8847,0.88493,1.00,1.00
2017.09.12 12:04:54.936,0.88473,0.88496,1.00,1.00
2017.09.12 12:04:56.634,0.88475,0.88496,1.00,1.00
2017.09.12 12:04:56.685,0.88476,0.88498,1.00,1.00
2017.09.12 12:05:00.712,0.88472,0.88492,1.00,1.00
2017.09.12 12:05:01.012,0.88465,0.88487,1.50,1.00
2017.09.12 12:05:01.064,0.88464,0.88484,1.00,1.00
2017.09.12 12:05:01.497,0.88465,0.88486,1.00,1.00
2017.09.12 12:05:02.205,0.88464,0.88485,1.00,1.00
2017.09.12 12:05:03.527,0.88465,0.88486,1.00,1.00
2017.09.12 12:05:05.149,0.88468,0.88488,1.00,1.00
2017.09.12 12:05:05.301,0.88469,0.88491,1.00,1.00
2017.09.12 12:05:05.402,0.88473,0.88493,1.00,1.00
2017.09.12 12:05:06.367,0.88473,0.88494,1.00,1.00
2017.09.12 12:05:06.670,0.88465,0.88488,1.00,1.00
2017.09.12 12:05:07.061,0.88467,0.88488,1.00,1.00
2017.09.12 12:05:07.273,0.88467,0.88491,1.00,1.00
2017.09.12 12:05:07.324,0.88469,0.88492,1.00,1.00
2017.09.12 12:05:08.214,0.8847,0.88493,1.00,1.00
2017.09.12 12:05:08.729,0.88471,0.88494,1.00,1.00
2017.09.12 12:05:09.223,0.88473,0.88494,1.00,1.00
2017.09.12 12:05:10.984,0.88473,0.88493,1.00,1.00
2017.09.12 12:05:11.569,0.88473,0.88494,1.00,1.00
2017.09.12 12:05:12.388,0.88474,0.88497,1.00,1.00
2017.09.12 12:05:13.704,0.88467,0.88487,1.50,1.00
2017.09.12 12:05:13.755,0.88468,0.88489,1.00,1.00
2017.09.12 12:05:13.957,0.88469,0.88491,1.00,1.00
2017.09.12 12:05:14.109,0.88471,0.88491,1.00,1.00
2017.09.12 12:05:14.699,0.88475,0.88495,1.00,1.00
2017.09.12 12:05:16.122,0.88472,0.88495,1.00,1.00
2017.09.12 12:05:17.233,0.88473,0.88496,1.00,1.00
2017.09.12 12:05:20.990,0.88473,0.88495,1.00,1.00
2017.09.12 12:05:21.359,0.88467,0.88489,1.00,1.00
2017.09.12 12:05:21.927,0.88467,0.8849,1.00,1.00
2017.09.12 12:05:22.230,0.88473,0.88495,1.00,1.00
2017.09.12 12:05:24.257,0.88476,0.88497,1.00,1.00
2017.09.12 12:05:24.766,0.88475,0.88497,1.00,1.00
2017.09.12 12:05:25.687,0.88475,0.88496,1.00,1.00
2017.09.12 12:05:25.838,0.88473,0.88496,1.00,1.00
2017.09.12 12:05:26.680,0.88471,0.88494,1.00,1.00
2017.09.12 12:05:27.007,0.88473,0.88493,1.00,1.00
2017.09.12 12:05:29.290,0.88475,0.88495,1.00,1.00
2017.09.12 12:05:29.341,0.88473,0.88495,1.00,1.00
2017.09.12 12:05:29.442,0.88475,0.88496,1.00,1.00
2017.09.12 12:05:29.755,0.88473,0.88495,1.00,1.00
2017.09.12 12:05:29.806,0.8847,0.88493,1.00,1.00
2017.09.12 12:05:30.796,0.88473,0.88494,1.00,1.00
2017.09.12 12:05:30.893,0.88473,0.88496,1.00,1.00
2017.09.12 12:05:31.614,0.88473,0.88493,1.00,1.00
2017.09.12 12:05:33.270,0.88473,0.88494,1.00,1.00
2017.09.12 12:05:36.736,0.88475,0.88495,1.00,1.00
2017.09.12 12:05:36.988,0.88481,0.88502,1.00,1.50
2017.09.12 12:05:38.439,0.88479,0.88503,1.00,1.00
2017.09.12 12:05:38.796,0.88481,0.88502,1.00,1.00
2017.09.12 12:05:39.630,0.88481,0.88504,1.00,1.00
2017.09.12 12:05:39.994,0.88484,0.88504,1.00,1.00
2017.09.12 12:05:40.296,0.88486,0.88506,1.00,1.00
2017.09.12 12:05:40.397,0.88486,0.88508,1.00,1.00
2017.09.12 12:05:40.913,0.88486,0.88507,1.00,1.00
2017.09.12 12:05:41.450,0.88485,0.88507,1.00,1.00
2017.09.12 12:05:41.551,0.88487,0.8851,1.00,1.00
2017.09.12 12:05:41.743,0.88487,0.88508,1.00,1.00
2017.09.12 12:05:42.275,0.88488,0.88509,1.00,1.00
2017.09.12 12:05:42.996,0.88487,0.88511,1.00,1.00
2017.09.12 12:05:43.208,0.88492,0.88514,1.00,2.25
2017.09.12 12:05:43.511,0.88496,0.88516,1.00,1.00
2017.09.12 12:05:47.851,0.88495,0.88515,1.00,1.00
2017.09.12 12:05:48.300,0.88494,0.88517,1.00,1.00
2017.09.12 12:05:52.088,0.88495,0.88517,1.00,1.00
2017.09.12 12:05:52.138,0.88495,0.88515,1.00,1.00
2017.09.12 12:05:53.648,0.88496,0.88516,1.00,1.00
2017.09.12 12:05:54.969,0.88495,0.88518,1.00,1.00
2017.09.12 12:05:55.019,0.88497,0.88517,1.00,1.00
2017.09.12 12:05:55.324,0.88493,0.88514,1.00,1.00
2017.09.12 12:05:55.375,0.88492,0.88512,1.00,1.00
2017.09.12 12:05:55.426,0.88489,0.8851,1.50,1.00
2017.09.12 12:05:55.627,0.88487,0.88508,1.00,1.00
2017.09.12 12:05:56.323,0.88485,0.88508,1.00,1.00
2017.09.12 12:05:58.199,0.88487,0.8851,1.00,1.00
2017.09.12 12:05:58.502,0.8849,0.88513,1.00,1.00
2017.09.12 12:05:58.832,0.88493,0.88515,1.00,1.00
2017.09.12 12:05:59.460,0.88487,0.88508,1.00,1.00
2017.09.12 12:06:00.114,0.88488,0.88508,1.00,1.00
2017.09.12 12:06:02.469,0.88488,0.88509,1.00,1.00
2017.09.12 12:06:02.778,0.88485,0.88504,1.00,1.00
2017.09.12 12:06:02.879,0.88478,0.885,1.87,1.00
2017.09.12 12:06:02.930,0.8848,0.88502,1.00,1.00
2017.09.12 12:06:03.270,0.88484,0.88506,1.00,1.00
2017.09.12 12:06:03.771,0.88482,0.88504,1.00,1.00
2017.09.12 12:06:04.553,0.8848,0.88505,1.12,1.00
2017.09.12 12:06:05.298,0.88479,0.88503,1.50,1.00
2017.09.12 12:06:05.874,0.88479,0.88503,1.00,1.00
2017.09.12 12:06:06.230,0.88478,0.88499,1.00,1.00
2017.09.12 12:06:06.331,0.88478,0.88501,1.00,1.00
2017.09.12 12:06:07.281,0.88477,0.885,1.00,1.00
2017.09.12 12:06:07.331,0.88479,0.885,1.00,1.00
2017.09.12 12:06:10.149,0.88479,0.88501,1.00,1.00
2017.09.12 12:06:10.452,0.88482,0.88503,1.00,1.00
2017.09.12 12:06:11.024,0.88481,0.88503,1.00,1.00
2017.09.12 12:06:11.935,0.88481,0.88501,1.00,1.00
2017.09.12 12:06:13.481,0.88482,0.88502,1.00,1.00
2017.09.12 12:06:14.743,0.88481,0.88501,1.00,1.00
2017.09.12 12:06:15.569,0.8848,0.88503,1.00,1.00
2017.09.12 12:06:16.227,0.8848,0.88503,2.85,1.00
2017.09.12 12:06:16.455,0.88495,0.88517,1.00,1.00
2017.09.12 12:06:17.199,0.88495,0.88516,1.00,1.00
2017.09.12 12:06:18.360,0.88496,0.88516,1.00,1.00
2017.09.12 12:06:18.636,0.88494,0.88516,1.00,1.00
2017.09.12 12:06:18.991,0.88494,0.88514,1.00,1.00
2017.09.12 12:06:19.582,0.88494,0.88515,1.00,1.00
2017.09.12 12:06:22.157,0.88495,0.88516,1.00,1.00
2017.09.12 12:06:22.828,0.88496,0.88516,1.00,1.00
2017.09.12 12:06:23.012,0.88496,0.88518,1.00,1.12
2017.09.12 12:06:23.164,0.88498,0.88518,1.00,1.12
2017.09.12 12:06:23.215,0.88498,0.88521,1.00,1.00
2017.09.12 12:06:23.316,0.885,0.88523,1.00,1.00
2017.09.12 12:06:23.747,0.88503,0.88523,1.00,1.00
2017.09.12 12:06:24.888,0.88501,0.88524,1.00,1.00
2017.09.12 12:06:25.452,0.88503,0.88523,1.00,1.00
2017.09.12 12:06:28.427,0.88502,0.88522,1.00,1.00
2017.09.12 12:06:28.528,0.885,0.88523,1.00,1.00
2017.09.12 12:06:28.578,0.88503,0.88521,1.00,1.00
2017.09.12 12:06:29.919,0.88503,0.88524,1.00,1.00
2017.09.12 12:06:30.461,0.88502,0.88522,1.00,1.00
2017.09.12 12:06:30.664,0.88495,0.88518,1.00,1.00
2017.09.12 12:06:30.714,0.88493,0.88515,1.00,1.00
2017.09.12 12:06:32.078,0.88495,0.88516,1.00,1.00
2017.09.12 12:06:32.526,0.88497,0.88517,1.00,1.00
2017.09.12 12:06:32.897,0.88495,0.88518,1.00,1.00
2017.09.12 12:06:33.175,0.88498,0.88519,1.00,1.00
2017.09.12 12:06:33.227,0.88499,0.88522,1.00,2.25
2017.09.12 12:06:33.277,0.885,0.8852,1.00,1.00
2017.09.12 12:06:33.328,0.88501,0.88522,1.00,1.50
2017.09.12 12:06:34.230,0.88502,0.88524,1.00,1.00
2017.09.12 12:06:37.115,0.88502,0.88523,1.00,1.00
2017.09.12 12:06:40.983,0.88502,0.88522,1.00,1.00
2017.09.12 12:06:43.048,0.88503,0.88523,1.00,1.00
2017.09.12 12:06:45.412,0.885,0.88523,1.00,1.00
2017.09.12 12:06:47.745,0.88501,0.88523,1.00,1.00
2017.09.12 12:06:47.846,0.88503,0.88523,1.00,1.00
2017.09.12 12:06:48.420,0.88503,0.88524,1.00,1.00
2017.09.12 12:06:50.148,0.88502,0.88523,1.00,1.00
2017.09.12 12:06:52.401,0.88495,0.88518,1.50,1.00
2017.09.12 12:06:52.451,0.88494,0.88515,1.00,1.00
2017.09.12 12:06:52.803,0.88492,0.88512,1.00,1.00
2017.09.12 12:06:53.533,0.88491,0.88511,1.00,1.00
2017.09.12 12:06:53.584,0.88484,0.88506,1.00,1.00
2017.09.12 12:06:53.685,0.88483,0.88504,1.50,1.00
2017.09.12 12:06:53.988,0.88481,0.88501,1.00,1.00
2017.09.12 12:06:55.546,0.88482,0.88504,1.00,1.00
2017.09.12 12:06:55.597,0.88485,0.88507,1.00,1.00
2017.09.12 12:06:55.924,0.88489,0.8851,1.00,1.00
2017.09.12 12:06:56.226,0.88487,0.88508,1.00,1.00
2017.09.12 12:07:02.949,0.88487,0.88507,1.00,1.00
2017.09.12 12:07:03.451,0.88488,0.88508,1.00,1.00
2017.09.12 12:07:03.963,0.88487,0.88508,1.00,1.00
2017.09.12 12:07:04.114,0.88488,0.88511,1.00,1.50
2017.09.12 12:07:04.266,0.8849,0.88511,1.00,1.00
2017.09.12 12:07:04.710,0.88488,0.88509,1.00,1.00
2017.09.12 12:07:05.385,0.88489,0.88511,1.00,1.00
2017.09.12 12:07:06.439,0.88489,0.88509,1.00,1.00
2017.09.12 12:07:07.338,0.88489,0.88512,1.00,1.00
2017.09.12 12:07:07.439,0.88491,0.88512,1.00,1.00
2017.09.12 12:07:09.055,0.88489,0.88512,1.00,1.00
2017.09.12 12:07:09.105,0.88492,0.88512,1.00,1.00
2017.09.12 12:07:09.448,0.8849,0.88511,1.00,1.00
2017.09.12 12:07:10.168,0.88491,0.88512,1.00,1.00
2017.09.12 12:07:13.831,0.8849,0.88511,1.00,1.00
2017.09.12 12:07:16.410,0.88491,0.88512,1.00,1.00
2017.09.12 12:07:18.480,0.88491,0.88511,1.00,1.00
2017.09.12 12:07:19.819,0.88491,0.88514,1.00,1.00
2017.09.12 12:07:20.384,0.88492,0.88514,1.00,1.00
2017.09.12 12:07:26.073,0.88493,0.88514,1.00,1.00
2017.09.12 12:07:27.517,0.88493,0.88513,1.00,1.00
2017.09.12 12:07:28.837,0.88494,0.88514,1.00,1.00
2017.09.12 12:07:31.733,0.88495,0.88514,1.00,1.00
2017.09.12 12:07:31.891,0.88492,0.88514,1.00,1.00
2017.09.12 12:07:31.994,0.88494,0.88513,1.00,1.00
2017.09.12 12:07:33.009,0.88493,0.88513,1.00,1.00
2017.09.12 12:07:35.836,0.88492,0.88512,1.00,1.00
2017.09.12 12:07:36.544,0.88493,0.88512,1.00,1.00
2017.09.12 12:07:37.498,0.88493,0.88515,1.00,1.00
2017.09.12 12:07:38.053,0.88492,0.88514,1.00,1.00
2017.09.12 12:07:39.370,0.88491,0.88513,1.00,1.00
2017.09.12 12:07:39.471,0.88494,0.88514,1.00,1.00
2017.09.12 12:07:41.909,0.88492,0.88514,1.00,1.00
2017.09.12 12:07:42.209,0.88495,0.88515,1.00,1.00
2017.09.12 12:07:45.132,0.88501,0.88522,1.00,1.00
2017.09.12 12:07:45.233,0.88502,0.88524,1.00,1.00
2017.09.12 12:07:47.010,0.88499,0.88521,1.35,1.00
2017.09.12 12:07:47.313,0.88497,0.88519,1.00,1.00
2017.09.12 12:07:48.926,0.88495,0.88515,1.00,1.00
2017.09.12 12:07:50.103,0.88494,0.88514,1.00,1.00
2017.09.12 12:07:50.154,0.88492,0.88514,1.00,1.00
2017.09.12 12:07:53.243,0.88491,0.88513,1.00,1.00
2017.09.12 12:07:55.278,0.8849,0.88512,1.00,1.00
2017.09.12 12:07:57.915,0.88491,0.88513,1.00,1.00
2017.09.12 12:07:59.848,0.88492,0.88514,1.00,1.00
2017.09.12 12:07:59.899,0.88494,0.88514,1.00,1.00
2017.09.12 12:08:00.000,0.88494,0.88516,1.00,1.00
2017.09.12 12:08:00.474,0.88491,0.88513,1.00,1.00
2017.09.12 12:08:01.474,0.88493,0.88513,1.00,1.00
2017.09.12 12:08:01.524,0.88494,0.88515,1.00,1.00
2017.09.12 12:08:02.723,0.88496,0.88516,1.00,1.00
2017.09.12 12:08:02.875,0.88494,0.88517,1.00,1.00
2017.09.12 12:08:03.425,0.88493,0.88516,1.00,1.00
2017.09.12 12:08:04.070,0.88494,0.88514,1.00,1.00
2017.09.12 12:08:09.317,0.88494,0.88517,1.00,1.00
2017.09.12 12:08:11.165,0.88495,0.88515,1.00,1.00
2017.09.12 12:08:12.903,0.88494,0.88514,1.00,1.00
2017.09.12 12:08:13.378,0.88495,0.88516,1.00,1.00
2017.09.12 12:08:13.606,0.88492,0.88513,1.00,1.00
2017.09.12 12:08:13.929,0.88497,0.88517,1.00,1.00
2017.09.12 12:08:14.380,0.88499,0.88519,1.00,1.00
2017.09.12 12:08:15.551,0.88496,0.88518,1.00,1.00
2017.09.12 12:08:15.953,0.88494,0.88517,1.00,1.00
2017.09.12 12:08:18.600,0.88494,0.88516,1.00,1.00
2017.09.12 12:08:19.992,0.88496,0.88516,1.00,1.00
2017.09.12 12:08:20.111,0.88492,0.88514,1.00,1.00
2017.09.12 12:08:20.162,0.88494,0.88514,1.00,1.00
2017.09.12 12:08:20.886,0.88495,0.88515,1.00,1.00
2017.09.12 12:08:21.970,0.88496,0.88517,1.00,1.00
2017.09.12 12:08:24.091,0.88499,0.88519,1.00,1.00
2017.09.12 12:08:24.192,0.885,0.88521,1.00,1.00
2017.09.12 12:08:24.293,0.88502,0.88522,1.00,1.00
2017.09.12 12:08:26.025,0.885,0.8852,1.00,1.00
2017.09.12 12:08:27.169,0.88501,0.88522,1.00,1.00
2017.09.12 12:08:27.492,0.88499,0.88522,1.00,1.00
2017.09.12 12:08:27.904,0.88497,0.88521,1.00,1.00
2017.09.12 12:08:28.824,0.88498,0.88519,1.00,1.00
2017.09.12 12:08:28.981,0.88495,0.88518,2.25,1.00
2017.09.12 12:08:29.447,0.88498,0.8852,1.00,1.00
2017.09.12 12:08:29.847,0.88503,0.88523,1.00,1.00
2017.09.12 12:08:29.898,0.88503,0.88527,1.00,1.12
2017.09.12 12:08:31.667,0.88505,0.88526,1.00,1.00
2017.09.12 12:08:33.185,0.88506,0.88526,1.00,1.00
2017.09.12 12:08:35.061,0.88506,0.88527,1.00,1.00
2017.09.12 12:08:36.022,0.88507,0.88528,1.00,1.00
2017.09.12 12:08:36.073,0.88507,0.8853,1.00,1.12
2017.09.12 12:08:36.397,0.88507,0.88527,1.00,1.00
2017.09.12 12:08:36.448,0.88504,0.88526,1.00,1.00
2017.09.12 12:08:36.599,0.88502,0.88524,1.00,1.00
2017.09.12 12:08:36.903,0.88505,0.88526,1.00,1.00
2017.09.12 12:08:36.953,0.88502,0.88525,1.00,1.00
2017.09.12 12:08:37.171,0.88507,0.88527,1.00,1.50
2017.09.12 12:08:37.323,0.88505,0.88527,1.00,1.00
2017.09.12 12:08:37.373,0.88504,0.88524,1.00,1.00
2017.09.12 12:08:37.475,0.88508,0.88529,1.00,1.00
2017.09.12 12:08:37.526,0.88506,0.8853,1.00,1.00
2017.09.12 12:08:37.627,0.88504,0.8853,1.00,1.00
2017.09.12 12:08:39.090,0.88504,0.88529,1.00,1.00
2017.09.12 12:08:39.141,0.88505,0.88527,1.00,1.00
2017.09.12 12:08:39.627,0.88505,0.88529,1.00,1.00
2017.09.12 12:08:39.883,0.88505,0.88527,1.00,1.00
2017.09.12 12:08:40.568,0.88504,0.88527,1.00,1.00
2017.09.12 12:08:40.619,0.88502,0.88527,1.00,1.00
2017.09.12 12:08:40.670,0.88504,0.88528,1.00,1.00
2017.09.12 12:08:40.973,0.88511,0.8853,1.00,1.00
2017.09.12 12:08:41.075,0.88511,0.88532,1.00,1.00
2017.09.12 12:08:41.176,0.88509,0.8853,1.00,1.00
2017.09.12 12:08:41.515,0.88512,0.88533,1.00,1.00
2017.09.12 12:08:42.638,0.88511,0.88532,1.00,1.00
2017.09.12 12:08:43.611,0.8851,0.88531,1.00,1.00
2017.09.12 12:08:44.784,0.8851,0.88535,1.00,1.00
2017.09.12 12:08:46.016,0.88508,0.88533,1.00,1.00
2017.09.12 12:08:48.660,0.88508,0.88532,1.00,1.00
2017.09.12 12:08:53.394,0.88512,0.88534,1.00,1.00
2017.09.12 12:08:53.445,0.88512,0.88536,1.00,1.12
2017.09.12 12:08:53.546,0.88512,0.88534,1.00,1.00
2017.09.12 12:08:53.647,0.8851,0.88534,1.00,1.00
2017.09.12 12:08:53.748,0.88509,0.88532,1.00,1.00
2017.09.12 12:08:54.238,0.88508,0.8853,1.00,1.00
2017.09.12 12:08:54.697,0.8851,0.88531,1.00,1.00
2017.09.12 12:08:55.081,0.88509,0.88533,1.00,1.00
2017.09.12 12:08:55.233,0.88512,0.88534,1.00,1.00
2017.09.12 12:08:55.284,0.88509,0.88533,1.00,1.00
2017.09.12 12:08:55.802,0.8851,0.88533,1.00,1.00
2017.09.12 12:08:56.531,0.88512,0.88534,1.00,1.00
2017.09.12 12:08:56.582,0.88513,0.88536,1.00,1.00
2017.09.12 12:08:57.087,0.88512,0.88537,1.00,1.00
2017.09.12 12:08:57.138,0.88514,0.88537,1.00,1.00
2017.09.12 12:08:57.591,0.88512,0.88537,1.00,1.00
2017.09.12 12:08:58.526,0.88512,0.88535,1.00,1.00
2017.09.12 12:08:59.946,0.8851,0.88533,2.25,1.00
2017.09.12 12:09:00.307,0.88508,0.88529,1.00,1.00
2017.09.12 12:09:01.251,0.88509,0.88531,1.00,1.00
2017.09.12 12:09:01.693,0.88507,0.8853,1.00,1.00
2017.09.12 12:09:01.744,0.88509,0.88532,1.00,1.00
2017.09.12 12:09:02.179,0.88509,0.8853,1.00,1.00
2017.09.12 12:09:02.728,0.88508,0.88529,1.00,1.00
2017.09.12 12:09:03.031,0.8851,0.88532,1.00,1.00
2017.09.12 12:09:03.610,0.88507,0.88531,1.00,1.00
2017.09.12 12:09:04.123,0.88511,0.88532,1.00,1.00
2017.09.12 12:09:05.393,0.88508,0.88532,1.00,1.00
2017.09.12 12:09:05.634,0.88508,0.88529,1.00,1.00
2017.09.12 12:09:06.525,0.88511,0.88531,1.00,1.00
2017.09.12 12:09:08.648,0.88511,0.88533,1.00,1.00
2017.09.12 12:09:10.535,0.88511,0.88531,1.00,1.00
2017.09.12 12:09:10.687,0.88512,0.88533,1.00,1.00
2017.09.12 12:09:11.249,0.88511,0.88532,1.00,1.00
2017.09.12 12:09:11.350,0.88511,0.88534,1.00,1.00
2017.09.12 12:09:11.400,0.88514,0.88536,1.00,1.12
2017.09.12 12:09:12.037,0.88515,0.88538,1.00,1.50
2017.09.12 12:09:12.591,0.88518,0.88538,1.00,1.50
2017.09.12 12:09:12.692,0.88517,0.8854,1.00,1.00
2017.09.12 12:09:12.999,0.88518,0.88538,1.00,1.00
2017.09.12 12:09:13.803,0.88518,0.88539,1.00,1.00
2017.09.12 12:09:14.379,0.88519,0.8854,1.00,1.00
2017.09.12 12:09:14.704,0.88517,0.88541,1.00,1.00
2017.09.12 12:09:14.838,0.8852,0.8854,1.00,1.00
2017.09.12 12:09:16.060,0.88518,0.88539,1.00,1.00
2017.09.12 12:09:16.482,0.88521,0.88541,1.00,1.00
2017.09.12 12:09:16.533,0.88518,0.8854,1.00,1.00
2017.09.12 12:09:16.584,0.88521,0.88543,1.00,1.00
2017.09.12 12:09:16.947,0.88522,0.88545,1.00,1.00
2017.09.12 12:09:17.394,0.88521,0.88547,1.00,1.00
2017.09.12 12:09:17.545,0.88523,0.88546,1.00,1.00
2017.09.12 12:09:17.759,0.88524,0.88548,1.00,1.00
2017.09.12 12:09:18.236,0.88523,0.88543,1.00,1.00
2017.09.12 12:09:18.287,0.88519,0.88542,1.00,1.00
2017.09.12 12:09:18.835,0.88518,0.88541,1.00,1.00
2017.09.12 12:09:19.905,0.88517,0.8854,1.00,1.00
2017.09.12 12:09:20.469,0.88516,0.88539,1.00,1.00
2017.09.12 12:09:20.570,0.88514,0.88534,1.00,1.00
2017.09.12 12:09:20.621,0.88512,0.88534,1.00,1.00
2017.09.12 12:09:21.004,0.88514,0.88536,1.00,1.50
2017.09.12 12:09:22.624,0.88516,0.88537,1.00,1.00
2017.09.12 12:09:23.297,0.88514,0.88538,1.00,1.00
2017.09.12 12:09:23.827,0.88513,0.88537,1.00,1.00
2017.09.12 12:09:23.928,0.88515,0.88538,1.00,1.00
2017.09.12 12:09:24.251,0.88513,0.88536,1.00,1.50
2017.09.12 12:09:24.951,0.88513,0.88537,1.00,1.50
2017.09.12 12:09:25.269,0.88509,0.88533,1.00,1.00
2017.09.12 12:09:25.966,0.88509,0.8853,1.00,1.00
2017.09.12 12:09:26.635,0.8851,0.88531,1.00,1.00
2017.09.12 12:09:28.062,0.88507,0.88532,1.00,1.00
2017.09.12 12:09:29.277,0.88508,0.8853,1.00,1.00
2017.09.12 12:09:31.060,0.88506,0.8853,1.00,1.00
2017.09.12 12:09:32.785,0.88508,0.88531,1.00,1.00
2017.09.12 12:09:32.936,0.88505,0.8853,1.00,1.00
2017.09.12 12:09:33.047,0.88508,0.88529,1.00,1.00
2017.09.12 12:09:33.360,0.88506,0.88528,1.00,1.00
2017.09.12 12:09:33.587,0.8851,0.88532,1.00,1.50
2017.09.12 12:09:33.909,0.88515,0.88535,1.00,1.00
2017.09.12 12:09:33.966,0.88515,0.88538,1.00,1.00
2017.09.12 12:09:34.806,0.88514,0.88536,1.00,1.00
2017.09.12 12:09:34.856,0.88512,0.88536,1.00,1.50
2017.09.12 12:09:35.116,0.88517,0.88539,1.00,3.75
2017.09.12 12:09:35.751,0.88516,0.8854,1.00,1.00
2017.09.12 12:09:36.194,0.88516,0.88536,1.00,1.00
2017.09.12 12:09:36.583,0.88516,0.88538,1.00,1.00
2017.09.12 12:09:37.846,0.88518,0.88539,1.00,1.00
2017.09.12 12:09:38.366,0.88515,0.88536,1.00,1.00
2017.09.12 12:09:38.701,0.88513,0.88533,1.00,1.00
2017.09.12 12:09:39.140,0.88515,0.88534,1.00,1.00
2017.09.12 12:09:39.191,0.88515,0.88536,1.00,1.00
2017.09.12 12:09:39.342,0.88513,0.88534,1.00,1.00
2017.09.12 12:09:40.198,0.88508,0.88529,1.00,1.00
2017.09.12 12:09:40.249,0.88508,0.88531,1.00,1.00
2017.09.12 12:09:40.300,0.88507,0.88529,1.00,1.00
2017.09.12 12:09:40.817,0.88506,0.88529,1.00,1.00
2017.09.12 12:09:41.149,0.88515,0.88535,1.00,1.00
2017.09.12 12:09:41.300,0.88515,0.88537,1.00,1.50
2017.09.12 12:09:41.401,0.88518,0.88537,1.00,1.00
2017.09.12 12:09:41.452,0.88514,0.88537,1.00,1.00
2017.09.12 12:09:41.972,0.88515,0.88538,1.00,1.00
2017.09.12 12:09:42.222,0.88518,0.8854,1.00,1.00
2017.09.12 12:09:42.374,0.88515,0.88538,1.00,1.00
2017.09.12 12:09:42.972,0.88516,0.88539,1.00,1.00
2017.09.12 12:09:43.023,0.88514,0.88536,1.00,1.00
2017.09.12 12:09:43.074,0.88511,0.88534,1.00,1.00
2017.09.12 12:09:43.376,0.88513,0.88535,1.00,1.00
2017.09.12 12:09:44.048,0.88511,0.88534,1.00,1.00
2017.09.12 12:09:44.099,0.88508,0.88533,1.00,1.00
2017.09.12 12:09:44.149,0.88507,0.88531,1.00,1.00
2017.09.12 12:09:44.452,0.8851,0.88533,1.00,1.00
2017.09.12 12:09:44.553,0.88512,0.88536,1.00,1.50
2017.09.12 12:09:44.769,0.88514,0.88538,1.00,1.00
2017.09.12 12:09:45.372,0.88513,0.88538,1.00,1.00
2017.09.12 12:09:47.049,0.88514,0.88535,1.00,1.00
2017.09.12 12:09:48.403,0.88512,0.88532,1.00,1.00
2017.09.12 12:09:48.892,0.88508,0.88528,1.00,1.00
2017.09.12 12:09:49.242,0.8851,0.8853,1.00,1.00
2017.09.12 12:09:49.394,0.8851,0.88532,1.00,1.00
2017.09.12 12:09:49.495,0.88509,0.88529,1.00,1.00
2017.09.12 12:09:49.647,0.88509,0.88531,1.00,1.00
2017.09.12 12:09:49.870,0.88511,0.88531,1.00,1.00
2017.09.12 12:09:51.541,0.88511,0.88533,1.00,1.00
2017.09.12 12:09:51.642,0.88514,0.88534,1.00,1.00
2017.09.12 12:09:52.230,0.88515,0.88535,1.00,1.00
2017.09.12 12:09:52.332,0.88514,0.88537,1.00,1.00
2017.09.12 12:09:52.483,0.88516,0.88539,1.00,1.50
2017.09.12 12:09:52.792,0.88517,0.88537,1.00,1.00
2017.09.12 12:09:53.239,0.88513,0.88537,1.00,1.00
2017.09.12 12:09:53.523,0.88515,0.88538,1.00,1.00
2017.09.12 12:09:55.883,0.88516,0.88538,1.00,1.00
2017.09.12 12:09:56.017,0.88514,0.88537,1.00,1.00
2017.09.12 12:09:56.168,0.88516,0.88538,1.00,1.00
2017.09.12 12:09:56.270,0.88514,0.88538,1.00,1.00
2017.09.12 12:09:56.589,0.88516,0.88538,1.00,1.00
2017.09.12 12:09:57.127,0.88515,0.88537,1.00,1.00
2017.09.12 12:09:57.792,0.88516,0.88538,1.00,1.00
2017.09.12 12:09:57.893,0.88516,0.8854,1.00,1.50
2017.09.12 12:09:58.422,0.88517,0.88541,1.00,1.00
2017.09.12 12:09:58.473,0.88515,0.88539,1.00,1.00
2017.09.12 12:09:58.825,0.88514,0.88536,1.00,1.00
2017.09.12 12:09:59.753,0.88512,0.88534,1.00,1.00
2017.09.12 12:10:00.056,0.8851,0.88532,1.00,1.00
2017.09.12 12:10:00.107,0.88511,0.88535,1.00,1.00
2017.09.12 12:10:00.443,0.88513,0.88535,1.00,1.00
2017.09.12 12:10:01.388,0.88512,0.88534,1.00,1.00
2017.09.12 12:10:01.540,0.8851,0.88534,1.00,1.00
2017.09.12 12:10:02.996,0.8851,0.88532,1.00,1.00
2017.09.12 12:10:03.298,0.88514,0.88537,1.00,2.25
2017.09.12 12:10:03.475,0.88516,0.88538,1.00,1.12
2017.09.12 12:10:03.809,0.8851,0.88531,1.00,1.00
2017.09.12 12:10:03.859,0.88507,0.88531,1.00,1.00
2017.09.12 12:10:04.846,0.88507,0.8853,1.00,1.00
2017.09.12 12:10:05.791,0.88506,0.88529,1.00,1.00
2017.09.12 12:10:06.377,0.88507,0.8853,1.00,1.00
2017.09.12 12:10:06.478,0.88509,0.88531,1.00,1.00
2017.09.12 12:10:06.887,0.88508,0.88529,1.00,1.00
2017.09.12 12:10:06.938,0.88509,0.88532,1.00,1.00
2017.09.12 12:10:08.329,0.88514,0.88535,1.00,1.50
2017.09.12 12:10:08.380,0.8851,0.88534,1.00,1.00
2017.09.12 12:10:08.431,0.8851,0.88532,1.00,1.00
2017.09.12 12:10:08.809,0.88509,0.8853,1.00,1.00
2017.09.12 12:10:10.464,0.8851,0.88531,1.00,1.00
2017.09.12 12:10:10.764,0.88506,0.88528,1.00,1.00
2017.09.12 12:10:10.915,0.88504,0.88528,1.00,1.00
2017.09.12 12:10:11.395,0.88504,0.88526,1.00,1.00
2017.09.12 12:10:11.445,0.88504,0.88529,1.00,1.00
2017.09.12 12:10:11.496,0.88507,0.8853,1.00,1.00
2017.09.12 12:10:13.094,0.88506,0.88528,1.00,1.00
2017.09.12 12:10:13.427,0.88514,0.88536,1.00,2.25
2017.09.12 12:10:13.916,0.88515,0.88538,1.00,1.00
2017.09.12 12:10:14.756,0.88514,0.88537,1.00,1.00
2017.09.12 12:10:14.907,0.88512,0.88536,1.00,1.00
2017.09.12 12:10:15.659,0.88514,0.88535,1.00,1.00
2017.09.12 12:10:16.037,0.88513,0.88537,1.00,1.00
2017.09.12 12:10:16.660,0.88512,0.88534,1.00,1.00
2017.09.12 12:10:17.653,0.88513,0.88534,1.00,1.00
2017.09.12 12:10:18.331,0.88511,0.88535,1.00,1.00
2017.09.12 12:10:18.556,0.88514,0.88536,1.00,1.00
2017.09.12 12:10:19.102,0.88515,0.88539,1.00,1.00
2017.09.12 12:10:19.338,0.88514,0.88537,1.00,1.00
2017.09.12 12:10:19.646,0.88512,0.88534,1.00,1.00
2017.09.12 12:10:20.186,0.88511,0.88533,1.00,1.00
2017.09.12 12:10:21.287,0.88513,0.88534,1.00,1.00
2017.09.12 12:10:21.337,0.88513,0.88536,1.00,2.25
2017.09.12 12:10:21.888,0.88513,0.88535,1.00,1.50
2017.09.12 12:10:22.160,0.88511,0.88535,1.00,2.25
2017.09.12 12:10:22.488,0.88513,0.88536,1.00,1.00
2017.09.12 12:10:23.317,0.8851,0.88535,1.00,1.00
2017.09.12 12:10:23.392,0.88512,0.88535,1.00,1.00
2017.09.12 12:10:23.444,0.8851,0.88535,1.00,1.00
2017.09.12 12:10:23.495,0.8851,0.88532,1.00,1.00
2017.09.12 12:10:23.546,0.88507,0.88532,1.00,1.00
2017.09.12 12:10:23.823,0.88508,0.88529,1.00,1.00
2017.09.12 12:10:24.126,0.8851,0.88531,1.00,1.00
2017.09.12 12:10:24.751,0.88514,0.88535,1.00,1.00
2017.09.12 12:10:26.370,0.88513,0.88535,1.00,1.00
2017.09.12 12:10:27.043,0.88514,0.88536,1.00,1.00
2017.09.12 12:10:28.814,0.88514,0.88537,1.00,1.00
2017.09.12 12:10:29.685,0.88509,0.88532,1.00,1.00
2017.09.12 12:10:29.988,0.88512,0.88535,1.00,1.00
2017.09.12 12:10:33.281,0.88513,0.88535,1.00,1.00
2017.09.12 12:10:33.983,0.88513,0.88533,1.00,1.00
2017.09.12 12:10:34.114,0.8851,0.88532,1.00,1.00
2017.09.12 12:10:34.443,0.88512,0.88532,1.00,1.00
2017.09.12 12:10:35.119,0.88511,0.88531,1.00,1.00
2017.09.12 12:10:35.363,0.88504,0.88527,1.00,1.00
2017.09.12 12:10:35.414,0.88505,0.88525,1.00,1.00
2017.09.12 12:10:36.245,0.88504,0.88525,1.00,1.00
2017.09.12 12:10:36.620,0.88506,0.88526,1.00,1.00
2017.09.12 12:10:37.362,0.88504,0.88529,1.00,1.50
2017.09.12 12:10:38.072,0.88507,0.88527,1.00,1.00
2017.09.12 12:10:39.626,0.88505,0.88528,1.00,1.00
2017.09.12 12:10:39.849,0.88507,0.88528,1.00,1.00
2017.09.12 12:10:43.255,0.88505,0.88527,1.00,1.00
2017.09.12 12:10:43.306,0.88504,0.88524,1.00,1.00
2017.09.12 12:10:43.622,0.88507,0.88529,1.00,1.50
2017.09.12 12:10:44.320,0.88506,0.88528,1.00,1.00
2017.09.12 12:10:44.468,0.88505,0.88525,1.00,1.00
2017.09.12 12:10:44.519,0.88503,0.88526,1.00,1.00
2017.09.12 12:10:45.250,0.88505,0.88527,1.00,1.00
2017.09.12 12:10:46.819,0.88504,0.88527,1.00,1.00
2017.09.12 12:10:47.484,0.88505,0.88528,1.00,1.00
2017.09.12 12:10:47.813,0.88505,0.88525,1.00,1.00
2017.09.12 12:10:48.629,0.88506,0.88526,1.00,1.50
2017.09.12 12:10:48.781,0.88507,0.88529,1.00,1.50
2017.09.12 12:10:48.892,0.88507,0.88527,1.00,1.00
2017.09.12 12:10:51.118,0.88506,0.88527,1.00,1.00
2017.09.12 12:10:53.035,0.88505,0.88526,1.00,1.00
2017.09.12 12:10:53.545,0.88506,0.88526,1.00,1.00
2017.09.12 12:10:55.487,0.88505,0.88526,1.00,1.00
2017.09.12 12:10:56.485,0.88506,0.88526,1.00,1.00
2017.09.12 12:10:57.263,0.88504,0.88525,1.00,1.00
2017.09.12 12:10:58.264,0.88504,0.88524,1.00,1.00
2017.09.12 12:10:58.593,0.88504,0.88526,1.00,1.00
2017.09.12 12:10:58.720,0.88503,0.88523,1.00,1.00
2017.09.12 12:10:59.526,0.88502,0.88523,1.00,1.00
2017.09.12 12:11:00.053,0.88503,0.88525,1.00,1.00
2017.09.12 12:11:00.155,0.885,0.88522,1.00,1.00
2017.09.12 12:11:00.458,0.88498,0.8852,1.00,1.00
2017.09.12 12:11:00.807,0.88502,0.88522,1.00,1.00
2017.09.12 12:11:01.320,0.88504,0.88524,1.00,1.00
2017.09.12 12:11:01.667,0.88506,0.88526,1.00,1.00
2017.09.12 12:11:03.016,0.88504,0.88524,1.00,1.00
2017.09.12 12:11:03.067,0.88504,0.88526,1.00,1.00
2017.09.12 12:11:03.168,0.88502,0.88522,1.00,1.00
2017.09.12 12:11:03.269,0.88503,0.88525,1.00,1.50
2017.09.12 12:11:03.320,0.88505,0.88525,1.00,1.50
2017.09.12 12:11:04.121,0.88507,0.88527,1.00,1.00
2017.09.12 12:11:04.273,0.88507,0.88529,1.00,1.50
2017.09.12 12:11:04.324,0.88509,0.88529,1.00,1.00
2017.09.12 12:11:04.869,0.88509,0.88531,1.00,1.00
2017.09.12 12:11:05.829,0.88508,0.8853,1.00,1.00
2017.09.12 12:11:08.508,0.8851,0.8853,1.00,1.00
2017.09.12 12:11:09.055,0.8851,0.88532,1.00,1.00
2017.09.12 12:11:09.947,0.88516,0.88536,1.00,1.00
2017.09.12 12:11:09.998,0.88516,0.88538,1.00,1.00
2017.09.12 12:11:11.485,0.88517,0.88539,1.00,1.00
2017.09.12 12:11:12.039,0.88516,0.88538,1.00,1.00
2017.09.12 12:11:12.090,0.88516,0.88536,1.00,1.00
2017.09.12 12:11:12.242,0.88517,0.88539,1.00,1.00
2017.09.12 12:11:12.343,0.88519,0.88539,1.00,1.00
2017.09.12 12:11:13.449,0.88515,0.88537,1.00,1.00
2017.09.12 12:11:13.550,0.88515,0.88535,1.00,1.00
2017.09.12 12:11:13.601,0.8851,0.88532,1.00,1.00
2017.09.12 12:11:13.652,0.8851,0.8853,1.00,1.00
2017.09.12 12:11:15.372,0.88508,0.88529,1.00,1.00
2017.09.12 12:11:17.689,0.88507,0.88528,1.00,1.00
2017.09.12 12:11:17.840,0.88504,0.88527,1.00,1.00
2017.09.12 12:11:18.952,0.88505,0.88527,1.00,1.00
2017.09.12 12:11:20.344,0.88507,0.88529,1.00,1.00
2017.09.12 12:11:20.445,0.88505,0.88528,1.00,1.00
2017.09.12 12:11:21.167,0.88506,0.88529,1.00,1.00
2017.09.12 12:11:21.679,0.88508,0.88529,1.00,1.00
2017.09.12 12:11:24.893,0.88507,0.88528,1.00,1.00
2017.09.12 12:11:26.545,0.88509,0.88529,1.00,1.00
2017.09.12 12:11:26.762,0.88507,0.88529,1.00,1.00
2017.09.12 12:11:27.290,0.88508,0.8853,1.00,2.25
2017.09.12 12:11:28.365,0.88509,0.88531,1.00,1.00
2017.09.12 12:11:28.516,0.88509,0.88529,1.00,1.00
2017.09.12 12:11:29.545,0.88508,0.8853,1.00,1.00
2017.09.12 12:11:31.711,0.88509,0.88531,1.00,1.00
2017.09.12 12:11:32.116,0.88508,0.88529,1.00,1.00
2017.09.12 12:11:32.368,0.88517,0.88539,1.00,1.00
2017.09.12 12:11:33.146,0.88518,0.88539,1.00,1.00
2017.09.12 12:11:33.725,0.88519,0.8854,1.00,1.00
2017.09.12 12:11:33.826,0.88517,0.88538,1.00,1.00
2017.09.12 12:11:35.571,0.88516,0.88537,1.00,1.00
2017.09.12 12:11:36.296,0.88518,0.88539,1.00,1.00
2017.09.12 12:11:36.866,0.88516,0.88539,1.00,1.00
2017.09.12 12:11:38.132,0.88518,0.88539,1.00,1.00
2017.09.12 12:11:38.387,0.88515,0.88538,1.00,1.00
2017.09.12 12:11:41.052,0.88517,0.88539,1.00,1.00
2017.09.12 12:11:41.842,0.88517,0.88538,1.00,1.00
2017.09.12 12:11:43.002,0.88517,0.88539,1.00,1.00
2017.09.12 12:11:43.234,0.88519,0.88542,1.00,1.00
2017.09.12 12:11:43.285,0.88527,0.88546,1.00,1.50
2017.09.12 12:11:43.386,0.88532,0.88553,1.00,1.87
2017.09.12 12:11:43.437,0.8853,0.88551,1.00,1.00
2017.09.12 12:11:43.960,0.88529,0.8855,1.00,1.00
2017.09.12 12:11:44.924,0.88529,0.88551,1.00,1.00
2017.09.12 12:11:45.025,0.88529,0.88553,1.00,1.00
2017.09.12 12:11:46.776,0.88532,0.88553,1.00,1.00
2017.09.12 12:11:46.927,0.88535,0.88558,1.00,1.00
2017.09.12 12:11:46.978,0.88535,0.88556,1.00,1.00
2017.09.12 12:11:47.029,0.88533,0.88555,1.00,1.00
2017.09.12 12:11:47.334,0.88534,0.88557,1.00,1.00
2017.09.12 12:11:48.028,0.88533,0.88559,1.00,1.00
2017.09.12 12:11:49.468,0.88536,0.88557,1.00,1.00
2017.09.12 12:11:51.691,0.88534,0.88557,1.00,1.00
2017.09.12 12:11:51.742,0.88531,0.88554,1.00,1.00
2017.09.12 12:11:52.262,0.88526,0.88549,1.00,1.00
2017.09.12 12:11:52.913,0.88526,0.8855,1.00,1.00
2017.09.12 12:11:53.065,0.88527,0.88552,1.00,1.00
2017.09.12 12:11:54.424,0.88529,0.88553,1.00,1.00
2017.09.12 12:11:56.606,0.88528,0.88552,1.00,1.00
2017.09.12 12:11:56.909,0.88534,0.88557,1.00,1.00
2017.09.12 12:11:57.752,0.88532,0.88553,1.00,1.00
2017.09.12 12:12:00.005,0.88535,0.88556,1.00,1.00
2017.09.12 12:12:00.056,0.88533,0.88556,1.00,1.00
2017.09.12 12:12:00.107,0.88536,0.88557,1.00,1.00
2017.09.12 12:12:00.447,0.88535,0.88559,1.00,1.00
2017.09.12 12:12:01.845,0.88536,0.88559,1.00,1.00
2017.09.12 12:12:02.502,0.88535,0.88557,1.00,1.00
2017.09.12 12:12:02.900,0.88537,0.88558,1.00,1.00
2017.09.12 12:12:03.991,0.88538,0.88561,1.00,1.00
2017.09.12 12:12:04.092,0.88538,0.88559,1.00,1.00
2017.09.12 12:12:06.067,0.88538,0.88561,1.00,1.00
2017.09.12 12:12:08.635,0.88539,0.88562,1.00,1.00
2017.09.12 12:12:09.165,0.8854,0.88563,1.00,1.00
2017.09.12 12:12:09.795,0.88541,0.88564,1.00,1.00
2017.09.12 12:12:10.306,0.88539,0.88562,1.00,1.00
2017.09.12 12:12:10.662,0.88541,0.88562,1.00,1.00
2017.09.12 12:12:11.527,0.88543,0.88566,1.00,2.25
2017.09.12 12:12:11.578,0.88549,0.88565,1.00,1.00
2017.09.12 12:12:11.629,0.88549,0.8857,1.00,1.00
2017.09.12 12:12:11.933,0.88546,0.88569,1.00,1.00
2017.09.12 12:12:12.135,0.88545,0.88566,1.00,1.00
2017.09.12 12:12:12.402,0.8854,0.88563,1.00,1.00
2017.09.12 12:12:12.788,0.88543,0.88564,1.00,1.00
2017.09.12 12:12:13.592,0.88541,0.88564,1.00,1.00
2017.09.12 12:12:14.001,0.88543,0.88564,1.00,1.00
2017.09.12 12:12:14.576,0.88544,0.88565,1.00,1.00
2017.09.12 12:12:15.608,0.88541,0.88565,1.00,1.00
2017.09.12 12:12:16.761,0.88544,0.88566,1.00,1.00
2017.09.12 12:12:17.768,0.88543,0.88564,1.00,1.00
2017.09.12 12:12:17.993,0.88543,0.88567,1.00,1.00
2017.09.12 12:12:18.044,0.88546,0.88568,1.00,1.00
2017.09.12 12:12:18.407,0.8855,0.88573,1.00,1.00
2017.09.12 12:12:19.072,0.8855,0.88572,1.00,1.00
2017.09.12 12:12:19.336,0.8855,0.88574,1.00,1.00
2017.09.12 12:12:20.252,0.88551,0.88574,1.00,1.00
2017.09.12 12:12:20.796,0.88551,0.88575,1.00,1.00
2017.09.12 12:12:21.313,0.8855,0.88574,1.00,1.00
2017.09.12 12:12:21.414,0.88552,0.88574,1.00,1.00
2017.09.12 12:12:21.616,0.8855,0.88573,1.00,1.00
2017.09.12 12:12:21.842,0.88552,0.88573,1.00,1.00
2017.09.12 12:12:22.144,0.88546,0.88567,1.00,1.00
2017.09.12 12:12:22.195,0.88544,0.88567,1.00,1.00
2017.09.12 12:12:22.296,0.88546,0.88567,1.00,1.00
2017.09.12 12:12:22.645,0.88549,0.8857,1.00,1.00
2017.09.12 12:12:24.237,0.88547,0.8857,1.00,1.00
2017.09.12 12:12:24.339,0.88547,0.88568,1.00,1.00
2017.09.12 12:12:25.718,0.88548,0.8857,1.00,1.00
2017.09.12 12:12:26.665,0.88549,0.8857,1.00,1.00
2017.09.12 12:12:26.931,0.88547,0.8857,1.00,1.00
2017.09.12 12:12:27.472,0.88546,0.88569,1.00,1.00
2017.09.12 12:12:29.878,0.88549,0.8857,1.00,1.00
2017.09.12 12:12:30.131,0.88555,0.88578,1.00,1.00
2017.09.12 12:12:30.476,0.88554,0.88575,1.00,1.00
2017.09.12 12:12:31.384,0.88552,0.88574,1.50,1.00
2017.09.12 12:12:34.103,0.8855,0.88575,1.35,1.00
2017.09.12 12:12:35.164,0.88552,0.88576,1.00,1.00
2017.09.12 12:12:35.467,0.88555,0.88579,1.00,1.00
2017.09.12 12:12:36.361,0.88556,0.88577,1.00,1.00
2017.09.12 12:12:36.725,0.88553,0.88576,1.00,1.00
2017.09.12 12:12:39.639,0.88554,0.88577,1.50,1.00
2017.09.12 12:12:39.690,0.88558,0.88579,1.00,1.00
2017.09.12 12:12:40.662,0.88557,0.88578,1.00,1.00
2017.09.12 12:12:41.695,0.88556,0.8858,1.00,1.00
2017.09.12 12:12:44.484,0.88557,0.8858,1.00,1.00
2017.09.12 12:12:44.946,0.88559,0.88582,1.00,1.00
2017.09.12 12:12:45.521,0.88561,0.88582,1.00,1.00
2017.09.12 12:12:48.476,0.88563,0.88586,1.00,1.00
2017.09.12 12:12:48.577,0.88566,0.88589,1.00,1.50
2017.09.12 12:12:49.123,0.88565,0.88588,1.00,1.00
2017.09.12 12:12:49.839,0.88565,0.88589,1.00,1.00
2017.09.12 12:12:51.463,0.88565,0.88588,1.00,1.00
2017.09.12 12:12:52.540,0.88566,0.88589,1.00,1.00
2017.09.12 12:12:53.921,0.88565,0.88589,1.00,1.00
2017.09.12 12:12:54.428,0.88565,0.88588,1.00,1.00
2017.09.12 12:12:54.735,0.88568,0.88589,1.00,1.00
2017.09.12 12:12:56.087,0.88566,0.88589,1.00,1.00
2017.09.12 12:13:00.445,0.8857,0.88591,1.00,1.00
2017.09.12 12:13:01.984,0.88567,0.88588,1.00,1.00
2017.09.12 12:13:02.035,0.88564,0.88587,1.00,1.00
2017.09.12 12:13:02.137,0.88559,0.88583,1.50,1.00
2017.09.12 12:13:02.808,0.88565,0.88587,1.00,1.00
2017.09.12 12:13:03.515,0.88566,0.88589,1.00,1.00
2017.09.12 12:13:03.566,0.88566,0.88591,1.00,1.00
2017.09.12 12:13:04.080,0.88566,0.8859,1.00,1.00
2017.09.12 12:13:04.181,0.88567,0.88588,1.00,1.00
2017.09.12 12:13:05.538,0.88569,0.8859,1.00,1.00
2017.09.12 12:13:06.732,0.88567,0.8859,1.00,1.00
2017.09.12 12:13:06.940,0.88569,0.8859,1.00,1.00
2017.09.12 12:13:12.580,0.88567,0.8859,1.00,1.00
2017.09.12 12:13:13.092,0.88566,0.88589,1.00,1.00
2017.09.12 12:13:13.616,0.88565,0.88589,1.00,1.00
2017.09.12 12:13:13.889,0.88565,0.88587,1.00,1.00
2017.09.12 12:13:15.224,0.88562,0.88583,1.00,1.00
2017.09.12 12:13:15.739,0.88561,0.88582,1.00,1.00
2017.09.12 12:13:16.578,0.88559,0.88582,1.00,1.00
2017.09.12 12:13:17.665,0.88562,0.88583,1.00,1.00
2017.09.12 12:13:17.968,0.88564,0.88585,1.00,1.00
2017.09.12 12:13:18.622,0.88563,0.88584,1.00,1.00
2017.09.12 12:13:19.192,0.88562,0.88586,1.00,1.00
2017.09.12 12:13:19.876,0.88564,0.88586,1.00,1.00
2017.09.12 12:13:21.690,0.88564,0.88585,1.00,1.00
2017.09.12 12:13:21.881,0.88563,0.88587,1.00,1.00
2017.09.12 12:13:23.125,0.88563,0.88585,1.00,1.00
2017.09.12 12:13:25.215,0.88557,0.88579,1.00,1.00
2017.09.12 12:13:25.316,0.88555,0.88578,1.00,1.00
2017.09.12 12:13:28.322,0.88558,0.88577,1.00,1.00
2017.09.12 12:13:28.498,0.88558,0.88579,1.00,1.00
2017.09.12 12:13:28.549,0.88561,0.8858,1.00,1.00
2017.09.12 12:13:29.082,0.88563,0.88582,1.00,1.00
2017.09.12 12:13:30.910,0.88562,0.88584,1.00,1.00
2017.09.12 12:13:31.557,0.88561,0.88583,1.00,1.00
2017.09.12 12:13:32.448,0.88563,0.88583,1.00,1.00
2017.09.12 12:13:32.790,0.88565,0.88584,1.00,1.00
2017.09.12 12:13:33.164,0.88563,0.88585,1.00,1.00
2017.09.12 12:13:33.316,0.88564,0.88583,1.00,1.00
2017.09.12 12:13:34.222,0.88563,0.88582,1.00,1.00
2017.09.12 12:13:39.109,0.88562,0.88581,1.00,1.00
2017.09.12 12:13:39.614,0.8856,0.88581,1.00,1.00
2017.09.12 12:13:39.665,0.88558,0.88581,1.00,1.00
2017.09.12 12:13:40.482,0.88561,0.88582,1.00,1.00
2017.09.12 12:13:42.972,0.88558,0.88578,1.00,1.00
2017.09.12 12:13:43.124,0.88559,0.8858,1.00,1.00
2017.09.12 12:13:43.794,0.88559,0.88579,1.00,1.00
2017.09.12 12:13:43.959,0.8856,0.88581,1.00,1.00
2017.09.12 12:13:44.093,0.88557,0.88581,1.00,1.00
2017.09.12 12:13:44.144,0.88554,0.88578,1.00,1.00
2017.09.12 12:13:44.499,0.88554,0.88576,1.00,1.00
2017.09.12 12:13:44.871,0.88559,0.8858,1.00,1.00
2017.09.12 12:13:45.326,0.88559,0.88578,1.00,1.00
2017.09.12 12:13:46.046,0.88558,0.88577,1.00,1.00
2017.09.12 12:13:46.096,0.88558,0.88579,1.00,1.00
2017.09.12 12:13:46.754,0.8856,0.88579,1.00,1.00
2017.09.12 12:13:47.050,0.88557,0.8858,1.00,1.00
2017.09.12 12:13:47.252,0.88557,0.88578,1.00,1.00
2017.09.12 12:13:48.621,0.88559,0.8858,1.00,1.00
2017.09.12 12:13:48.994,0.88562,0.88581,1.00,1.00
2017.09.12 12:13:50.265,0.88563,0.88582,1.00,1.00
2017.09.12 12:13:51.264,0.8856,0.88581,1.00,1.00
2017.09.12 12:13:51.629,0.88563,0.88584,1.00,1.00
2017.09.12 12:13:51.966,0.88565,0.88588,1.00,1.00
2017.09.12 12:13:52.067,0.88567,0.88588,1.00,1.00
2017.09.12 12:13:52.940,0.88567,0.8859,1.00,1.00
2017.09.12 12:13:53.711,0.88566,0.88589,1.00,1.00
2017.09.12 12:13:53.987,0.88565,0.88587,1.00,1.00
2017.09.12 12:13:54.134,0.88563,0.88586,1.12,1.00
2017.09.12 12:13:54.667,0.88562,0.88586,1.00,1.00
2017.09.12 12:13:55.889,0.88564,0.88588,1.00,1.00
2017.09.12 12:13:57.251,0.88564,0.88586,1.50,1.00
2017.09.12 12:13:57.302,0.88561,0.88585,1.50,1.00
2017.09.12 12:13:57.404,0.88565,0.88586,1.00,1.00
2017.09.12 12:13:58.864,0.88562,0.88587,1.00,1.00
2017.09.12 12:13:59.870,0.88563,0.88586,1.00,1.00
2017.09.12 12:14:02.172,0.88562,0.88585,1.00,1.00
2017.09.12 12:14:02.222,0.88562,0.88583,1.00,1.00
2017.09.12 12:14:02.374,0.88562,0.88585,1.00,1.00
2017.09.12 12:14:02.590,0.88562,0.88583,1.00,1.00
2017.09.12 12:14:03.101,0.88566,0.88587,1.00,1.00
2017.09.12 12:14:03.603,0.88567,0.88588,1.00,1.00
2017.09.12 12:14:03.714,0.88568,0.88591,1.00,1.00
2017.09.12 12:14:03.916,0.88567,0.88588,1.00,1.00
2017.09.12 12:14:04.117,0.88559,0.88583,1.00,1.00
2017.09.12 12:14:05.690,0.88558,0.88582,1.00,1.00
2017.09.12 12:14:05.841,0.8856,0.88582,1.00,1.00
2017.09.12 12:14:05.916,0.88558,0.88582,1.00,1.00
2017.09.12 12:14:06.387,0.8856,0.88582,1.00,1.00
2017.09.12 12:14:06.437,0.8856,0.88584,1.00,1.00
2017.09.12 12:14:10.474,0.88559,0.88581,1.00,1.00
2017.09.12 12:14:11.449,0.88559,0.88582,1.00,1.00
2017.09.12 12:14:14.853,0.88559,0.8858,1.00,1.00
2017.09.12 12:14:17.976,0.8856,0.88581,1.00,1.00
2017.09.12 12:14:18.280,0.88558,0.88579,1.00,1.00
2017.09.12 12:14:18.771,0.8856,0.88581,1.00,1.00
2017.09.12 12:14:19.124,0.88558,0.88581,1.00,1.00
2017.09.12 12:14:19.628,0.88558,0.88582,1.00,1.00
2017.09.12 12:14:21.476,0.88558,0.88583,1.00,1.00
2017.09.12 12:14:21.526,0.88563,0.88585,1.00,1.00
2017.09.12 12:14:22.786,0.88563,0.88587,1.00,1.00
2017.09.12 12:14:22.887,0.88564,0.88585,1.00,1.00
2017.09.12 12:14:22.937,0.88565,0.88587,1.00,1.00
2017.09.12 12:14:22.988,0.88563,0.88587,1.00,1.00
2017.09.12 12:14:23.409,0.88565,0.88586,1.00,1.00
2017.09.12 12:14:24.491,0.88563,0.88585,1.00,1.00
2017.09.12 12:14:26.905,0.88564,0.88585,1.00,1.00
2017.09.12 12:14:30.422,0.88566,0.88585,1.00,1.00
2017.09.12 12:14:30.473,0.88564,0.88585,1.00,1.00
2017.09.12 12:14:30.640,0.88566,0.88587,1.00,1.00
2017.09.12 12:14:30.691,0.88566,0.88589,1.00,1.00
2017.09.12 12:14:30.741,0.88568,0.88589,1.00,1.00
2017.09.12 12:14:30.792,0.88566,0.88589,1.00,1.00
2017.09.12 12:14:30.843,0.88568,0.88589,1.00,1.00
2017.09.12 12:14:30.970,0.88566,0.8859,1.00,1.00
2017.09.12 12:14:31.021,0.88569,0.88592,1.00,1.00
2017.09.12 12:14:31.325,0.88571,0.88592,1.00,1.00
2017.09.12 12:14:31.740,0.88569,0.8859,1.00,1.00
2017.09.12 12:14:32.365,0.88571,0.88592,1.00,1.00
2017.09.12 12:14:33.608,0.88572,0.88593,1.00,1.00
2017.09.12 12:14:33.917,0.8857,0.88591,1.50,1.00
2017.09.12 12:14:34.169,0.88568,0.8859,1.00,1.00
2017.09.12 12:14:34.688,0.88569,0.8859,1.00,1.00
2017.09.12 12:14:35.192,0.8857,0.88591,1.00,1.00
2017.09.12 12:14:38.033,0.88568,0.8859,1.00,1.00
2017.09.12 12:14:39.110,0.88568,0.88589,1.00,1.00
2017.09.12 12:14:39.320,0.88566,0.88588,1.00,1.00
2017.09.12 12:14:40.013,0.88568,0.88589,1.00,1.00
2017.09.12 12:14:40.526,0.88566,0.88589,1.00,1.00
2017.09.12 12:14:41.513,0.88569,0.88592,1.00,1.00
2017.09.12 12:14:41.614,0.8857,0.88594,1.00,1.00
2017.09.12 12:14:43.044,0.88571,0.88594,1.00,1.00
2017.09.12 12:14:44.138,0.88571,0.88593,1.00,1.00
2017.09.12 12:14:44.339,0.88574,0.88596,1.00,1.00
2017.09.12 12:14:44.440,0.88575,0.88598,1.00,1.00
2017.09.12 12:14:45.244,0.88572,0.88596,1.50,1.00
2017.09.12 12:14:45.345,0.88572,0.88594,1.50,1.00
2017.09.12 12:14:45.647,0.88566,0.88589,2.85,1.00
2017.09.12 12:14:46.161,0.88568,0.88589,1.00,1.00
2017.09.12 12:14:46.395,0.88566,0.88589,1.00,1.00
2017.09.12 12:14:47.247,0.88568,0.88591,1.00,1.00
2017.09.12 12:14:47.646,0.88565,0.88588,1.00,1.00
2017.09.12 12:14:47.950,0.88569,0.8859,1.00,1.00
2017.09.12 12:14:49.337,0.88564,0.88585,1.00,1.00
2017.09.12 12:14:49.388,0.88562,0.88585,1.00,1.00
2017.09.12 12:14:49.489,0.88564,0.88587,1.00,1.00
2017.09.12 12:14:49.945,0.88567,0.88588,1.00,1.00
2017.09.12 12:14:51.348,0.88567,0.88591,1.00,1.00
2017.09.12 12:14:51.449,0.88567,0.88588,1.00,1.00
2017.09.12 12:14:52.021,0.8857,0.88591,1.00,1.00
2017.09.12 12:14:52.158,0.8857,0.88593,1.00,1.00
2017.09.12 12:14:52.590,0.88572,0.88592,1.00,1.00
2017.09.12 12:14:52.907,0.88569,0.88593,1.00,1.00
2017.09.12 12:14:53.511,0.88571,0.88593,1.00,1.00
2017.09.12 12:14:53.787,0.88567,0.8859,1.00,1.00
2017.09.12 12:14:54.291,0.88567,0.88589,1.00,1.00
2017.09.12 12:14:54.839,0.88566,0.8859,1.00,1.00
2017.09.12 12:14:55.281,0.88568,0.88591,1.00,1.00
2017.09.12 12:14:55.552,0.88566,0.88591,1.00,1.00
2017.09.12 12:14:55.653,0.88563,0.88586,1.87,1.00
2017.09.12 12:14:56.388,0.88559,0.88583,1.00,1.00
2017.09.12 12:14:56.607,0.88561,0.88583,1.00,1.00
2017.09.12 12:14:57.260,0.8856,0.88582,1.00,1.00
2017.09.12 12:14:57.361,0.88561,0.88587,1.00,1.00
2017.09.12 12:14:57.412,0.88565,0.88586,1.00,1.00
2017.09.12 12:14:57.574,0.88566,0.88589,1.00,1.00
2017.09.12 12:14:57.625,0.88568,0.88589,1.00,1.00
2017.09.12 12:14:58.362,0.88569,0.88592,1.00,1.00
2017.09.12 12:14:58.546,0.88571,0.88593,1.00,1.00
2017.09.12 12:14:59.149,0.8857,0.88593,1.00,1.00
2017.09.12 12:14:59.944,0.88569,0.88592,1.00,1.00
2017.09.12 12:15:00.247,0.88572,0.88592,1.00,1.00
2017.09.12 12:15:01.916,0.88572,0.88593,1.00,1.00
2017.09.12 12:15:03.314,0.88569,0.88592,1.00,1.00
2017.09.12 12:15:03.800,0.88571,0.88594,1.00,1.00
2017.09.12 12:15:04.171,0.88573,0.88595,1.00,1.00
2017.09.12 12:15:05.038,0.88575,0.88596,1.00,1.00
2017.09.12 12:15:05.868,0.88575,0.88598,1.00,1.00
2017.09.12 12:15:06.230,0.88575,0.88595,1.00,1.00
2017.09.12 12:15:06.583,0.88575,0.88598,1.00,1.00
2017.09.12 12:15:06.914,0.88574,0.88596,1.00,1.00
2017.09.12 12:15:08.004,0.88572,0.88595,1.00,1.00
2017.09.12 12:15:08.614,0.88572,0.88593,1.00,1.00
2017.09.12 12:15:09.144,0.88572,0.88594,1.00,1.00
2017.09.12 12:15:09.890,0.88573,0.88595,1.00,1.00
2017.09.12 12:15:09.991,0.88575,0.88598,1.00,1.00
2017.09.12 12:15:10.092,0.88577,0.88598,1.00,1.00
2017.09.12 12:15:10.856,0.88575,0.88597,1.00,1.00
2017.09.12 12:15:10.993,0.88575,0.88599,1.00,1.00
2017.09.12 12:15:12.110,0.88574,0.88597,1.00,1.00
2017.09.12 12:15:12.641,0.88574,0.88596,1.00,1.00
2017.09.12 12:15:13.161,0.88574,0.88597,1.00,1.00
2017.09.12 12:15:15.378,0.88574,0.88595,1.00,1.00
2017.09.12 12:15:15.781,0.88572,0.88595,1.00,1.00
2017.09.12 12:15:16.311,0.88574,0.88595,1.00,1.00
2017.09.12 12:15:16.721,0.88576,0.88597,1.00,1.00
2017.09.12 12:15:17.026,0.88572,0.88593,1.00,1.00
2017.09.12 12:15:17.958,0.88571,0.88594,1.00,1.00
2017.09.12 12:15:18.827,0.88572,0.88595,1.00,1.00
2017.09.12 12:15:22.792,0.88572,0.88596,1.00,1.00
2017.09.12 12:15:23.885,0.88575,0.88596,1.00,1.00
2017.09.12 12:15:24.421,0.88576,0.88597,1.00,1.00
2017.09.12 12:15:25.818,0.88575,0.88596,1.00,1.00
2017.09.12 12:15:26.207,0.88575,0.88598,1.00,1.00
2017.09.12 12:15:26.528,0.88574,0.88595,1.00,1.00
2017.09.12 12:15:26.957,0.88577,0.88598,1.00,1.00
2017.09.12 12:15:27.667,0.88578,0.88599,1.00,1.00
2017.09.12 12:15:29.709,0.88577,0.88599,1.00,1.00
2017.09.12 12:15:30.296,0.88576,0.88598,1.00,1.00
2017.09.12 12:15:31.498,0.88578,0.886,1.00,1.00
2017.09.12 12:15:33.067,0.88578,0.88599,1.00,1.00
2017.09.12 12:15:33.168,0.88575,0.88598,1.00,1.00
2017.09.12 12:15:38.036,0.88576,0.88599,1.00,1.00
2017.09.12 12:15:38.214,0.88579,0.886,1.00,1.00
2017.09.12 12:15:39.255,0.88577,0.886,1.50,1.00
2017.09.12 12:15:39.306,0.88583,0.88604,1.00,1.00
2017.09.12 12:15:39.671,0.88585,0.88608,1.00,1.00
2017.09.12 12:15:39.722,0.88587,0.88608,1.00,1.00
2017.09.12 12:15:40.060,0.88583,0.88608,1.00,1.00
2017.09.12 12:15:40.110,0.88584,0.88605,1.00,1.00
2017.09.12 12:15:40.727,0.88583,0.88604,1.00,1.00
2017.09.12 12:15:42.055,0.88581,0.88604,1.00,1.00
2017.09.12 12:15:42.491,0.88579,0.88602,1.00,1.00
2017.09.12 12:15:42.958,0.88582,0.88605,1.00,1.00
2017.09.12 12:15:43.312,0.88584,0.88607,1.00,1.00
2017.09.12 12:15:43.413,0.88582,0.88606,1.00,1.00
2017.09.12 12:15:43.616,0.88583,0.88608,1.00,1.00
2017.09.12 12:15:43.769,0.88587,0.88611,1.00,1.00
2017.09.12 12:15:44.333,0.88587,0.88609,1.00,1.00
2017.09.12 12:15:44.872,0.88588,0.88609,1.00,1.00
2017.09.12 12:15:44.931,0.88586,0.88608,1.00,1.00
2017.09.12 12:15:45.083,0.88585,0.88606,1.00,1.00
2017.09.12 12:15:45.430,0.88583,0.88604,1.00,1.00
2017.09.12 12:15:45.608,0.88583,0.88608,1.00,1.00
2017.09.12 12:15:45.659,0.88586,0.88608,1.00,1.00
2017.09.12 12:15:46.050,0.88585,0.88606,1.00,1.00
2017.09.12 12:15:47.181,0.88584,0.88607,1.00,1.00
2017.09.12 12:15:47.785,0.88587,0.88608,1.00,1.00
2017.09.12 12:15:47.968,0.88584,0.88608,1.00,1.00
2017.09.12 12:15:48.271,0.88586,0.88609,1.00,1.00
2017.09.12 12:15:48.620,0.88583,0.88605,1.00,1.00
2017.09.12 12:15:49.388,0.88581,0.88603,1.00,1.00
2017.09.12 12:15:50.861,0.88578,0.88604,1.00,1.00
2017.09.12 12:15:51.939,0.88582,0.88604,1.00,1.00
2017.09.12 12:15:51.990,0.88582,0.88606,1.50,1.00
2017.09.12 12:15:52.390,0.88581,0.88604,1.00,1.00
2017.09.12 12:15:53.366,0.88581,0.88603,1.00,1.00
2017.09.12 12:15:53.866,0.88578,0.88603,1.50,1.00
2017.09.12 12:15:54.195,0.88581,0.88603,1.00,1.00
2017.09.12 12:15:54.588,0.88579,0.88603,1.00,1.00
2017.09.12 12:15:55.171,0.88581,0.88603,1.00,1.00
2017.09.12 12:15:56.302,0.88583,0.88604,1.00,1.00
2017.09.12 12:15:56.483,0.88579,0.88603,1.00,1.00
2017.09.12 12:15:56.534,0.88581,0.88602,1.00,1.00
2017.09.12 12:15:56.865,0.88579,0.88601,1.00,1.00
2017.09.12 12:15:57.394,0.88582,0.88602,1.00,1.00
2017.09.12 12:15:57.445,0.88583,0.88604,1.00,1.00
2017.09.12 12:15:57.950,0.88582,0.88603,1.00,1.00
2017.09.12 12:15:58.287,0.88581,0.88605,1.00,1.50
2017.09.12 12:15:58.975,0.88579,0.88603,1.00,1.00
2017.09.12 12:15:59.769,0.8858,0.88603,1.00,1.00
2017.09.12 12:16:00.270,0.8858,0.88602,1.00,1.00
2017.09.12 12:16:00.616,0.88585,0.88606,1.00,1.00
2017.09.12 12:16:00.667,0.88583,0.88607,1.00,1.00
2017.09.12 12:16:00.718,0.88584,0.88605,1.00,1.00
2017.09.12 12:16:00.768,0.88586,0.88608,1.00,1.00
2017.09.12 12:16:00.819,0.88588,0.8861,1.00,1.50
2017.09.12 12:16:00.870,0.88583,0.88607,1.50,1.00
2017.09.12 12:16:00.921,0.88583,0.88604,1.00,1.00
2017.09.12 12:16:00.971,0.88581,0.88604,1.00,1.00
2017.09.12 12:16:03.594,0.88585,0.88606,1.00,1.00
2017.09.12 12:16:03.695,0.88586,0.88608,1.00,1.00
2017.09.12 12:16:04.371,0.88585,0.88606,1.50,1.00
2017.09.12 12:16:04.472,0.88583,0.88605,1.50,1.00
2017.09.12 12:16:05.299,0.88582,0.88605,1.00,1.00
2017.09.12 12:16:06.403,0.88584,0.88605,1.00,1.00
2017.09.12 12:16:06.454,0.88586,0.88608,1.00,1.00
2017.09.12 12:16:06.505,0.88588,0.88609,1.00,1.00
2017.09.12 12:16:07.049,0.88588,0.88612,1.00,1.00
2017.09.12 12:16:07.100,0.8859,0.88613,1.00,1.00
2017.09.12 12:16:07.691,0.8859,0.88614,1.00,1.00
2017.09.12 12:16:08.100,0.88589,0.88612,1.00,1.00
2017.09.12 12:16:10.097,0.88592,0.88613,1.00,1.00
2017.09.12 12:16:10.785,0.88593,0.88614,1.00,1.00
2017.09.12 12:16:11.663,0.88593,0.88615,1.00,1.00
2017.09.12 12:16:12.185,0.88593,0.88616,1.00,1.00
2017.09.12 12:16:12.491,0.88599,0.88622,1.00,1.00
2017.09.12 12:16:13.041,0.88598,0.88622,3.00,1.00
2017.09.12 12:16:14.799,0.88599,0.8862,1.00,1.00
2017.09.12 12:16:15.300,0.88599,0.88621,1.00,1.00
2017.09.12 12:16:16.379,0.886,0.88623,1.00,1.00
2017.09.12 12:16:16.429,0.88602,0.88623,1.00,1.00
2017.09.12 12:16:16.873,0.88604,0.88625,1.00,1.00
2017.09.12 12:16:17.259,0.886,0.88621,1.00,1.00
2017.09.12 12:16:17.708,0.88595,0.88616,1.00,1.00
2017.09.12 12:16:18.135,0.88593,0.88616,1.00,1.00
2017.09.12 12:16:22.901,0.88591,0.88614,1.00,1.00
2017.09.12 12:16:26.239,0.88591,0.88612,1.00,1.00
2017.09.12 12:16:26.290,0.88589,0.88611,1.00,1.00
2017.09.12 12:16:27.065,0.88589,0.8861,1.00,1.00
2017.09.12 12:16:27.949,0.8859,0.88612,1.00,1.00
2017.09.12 12:16:28.000,0.88592,0.88615,1.00,1.00
2017.09.12 12:16:28.050,0.88594,0.88615,1.00,1.00
2017.09.12 12:16:30.330,0.88593,0.88615,1.00,1.00
2017.09.12 12:16:31.165,0.88592,0.88615,1.00,1.00
2017.09.12 12:16:35.368,0.88592,0.88614,1.00,1.00
2017.09.12 12:16:36.251,0.8859,0.88614,1.00,1.00
2017.09.12 12:16:38.168,0.88589,0.88612,1.00,1.00
2017.09.12 12:16:39.026,0.88584,0.88605,2.25,1.00
2017.09.12 12:16:39.077,0.88586,0.88609,1.00,1.00
2017.09.12 12:16:39.127,0.88591,0.88611,1.00,1.00
2017.09.12 12:16:39.228,0.88593,0.88614,1.00,1.00
2017.09.12 12:16:39.279,0.88591,0.88614,2.25,1.00
2017.09.12 12:16:42.176,0.88592,0.88614,1.00,1.00
2017.09.12 12:16:49.535,0.88593,0.88615,1.00,1.00
2017.09.12 12:16:53.413,0.88591,0.88614,1.00,1.00
2017.09.12 12:16:53.464,0.88593,0.88614,1.00,1.00
2017.09.12 12:16:53.736,0.88597,0.88619,1.00,1.00
2017.09.12 12:16:54.416,0.88598,0.8862,1.00,1.00
2017.09.12 12:16:54.804,0.88593,0.88616,1.00,1.00
2017.09.12 12:16:54.855,0.88591,0.88614,1.50,1.00
2017.09.12 12:16:55.157,0.88599,0.8862,1.00,1.00
2017.09.12 12:17:00.319,0.88598,0.88619,1.00,1.00
2017.09.12 12:17:02.742,0.88598,0.88622,1.00,1.00
2017.09.12 12:17:03.150,0.88597,0.8862,1.00,1.00
2017.09.12 12:17:05.799,0.88595,0.88618,1.50,1.00
2017.09.12 12:17:05.850,0.88593,0.88618,1.50,1.00
2017.09.12 12:17:06.056,0.88596,0.88618,1.00,1.00
2017.09.12 12:17:06.621,0.88597,0.88618,1.00,1.00
2017.09.12 12:17:07.049,0.88595,0.88618,1.00,1.00
2017.09.12 12:17:08.071,0.88596,0.88617,1.00,1.00
2017.09.12 12:17:09.514,0.88594,0.88617,1.00,1.00
2017.09.12 12:17:10.128,0.88594,0.88618,1.00,1.00
2017.09.12 12:17:11.594,0.88595,0.88619,1.00,1.00
2017.09.12 12:17:12.173,0.88594,0.88618,1.00,1.00
2017.09.12 12:17:13.097,0.88596,0.88619,1.00,1.00
2017.09.12 12:17:14.923,0.88597,0.8862,1.00,1.00
2017.09.12 12:17:15.249,0.88597,0.88618,1.00,1.00
2017.09.12 12:17:16.827,0.88597,0.8862,1.00,1.00
2017.09.12 12:17:16.958,0.88599,0.88619,1.00,1.00
2017.09.12 12:17:17.477,0.88598,0.88621,1.00,1.00
2017.09.12 12:17:17.578,0.886,0.88621,1.00,1.00
2017.09.12 12:17:18.099,0.886,0.88622,1.00,1.00
2017.09.12 12:17:18.417,0.88598,0.88622,1.00,1.00
2017.09.12 12:17:18.468,0.88599,0.8862,1.00,1.00
2017.09.12 12:17:20.918,0.88597,0.8862,1.00,1.00
2017.09.12 12:17:21.163,0.88595,0.88617,1.50,1.00
2017.09.12 12:17:21.791,0.88594,0.88617,1.00,1.00
2017.09.12 12:17:22.017,0.88596,0.88621,1.00,1.00
2017.09.12 12:17:23.407,0.88599,0.88622,1.00,1.00
2017.09.12 12:17:23.763,0.88601,0.88622,1.00,1.00
2017.09.12 12:17:24.464,0.886,0.88621,1.00,1.00
2017.09.12 12:17:26.379,0.88598,0.88622,1.00,1.00
2017.09.12 12:17:26.430,0.88598,0.8862,1.00,1.00
2017.09.12 12:17:26.481,0.88599,0.88622,1.00,1.00
2017.09.12 12:17:27.267,0.886,0.88622,1.00,1.00
2017.09.12 12:17:27.631,0.88602,0.88624,1.00,1.00
2017.09.12 12:17:28.567,0.886,0.88624,1.00,1.00
2017.09.12 12:17:28.905,0.886,0.88622,1.00,1.00
2017.09.12 12:17:29.142,0.886,0.88624,1.00,1.00
2017.09.12 12:17:29.350,0.88603,0.88625,1.00,1.00
2017.09.12 12:17:30.489,0.88603,0.88626,1.00,1.00
2017.09.12 12:17:30.997,0.88602,0.88624,1.00,1.00
2017.09.12 12:17:31.051,0.88603,0.88626,1.00,1.00
2017.09.12 12:17:34.278,0.88601,0.88625,1.00,1.00
2017.09.12 12:17:35.507,0.88601,0.88622,1.00,1.00
2017.09.12 12:17:37.625,0.88602,0.88623,1.00,1.00
2017.09.12 12:17:53.409,0.88604,0.88624,1.00,1.00
2017.09.12 12:17:55.914,0.88603,0.88623,1.00,1.00
2017.09.12 12:17:57.553,0.88602,0.88623,1.00,1.00
2017.09.12 12:17:58.095,0.88601,0.88623,1.00,1.00
2017.09.12 12:17:59.044,0.88601,0.88622,1.00,1.00
2017.09.12 12:17:59.353,0.88604,0.88623,1.00,1.00
2017.09.12 12:18:00.510,0.88603,0.88623,1.00,1.00
2017.09.12 12:18:01.528,0.88602,0.88622,1.00,1.00
2017.09.12 12:18:02.171,0.88601,0.88622,1.00,1.00
2017.09.12 12:18:04.847,0.886,0.88621,1.00,1.00
2017.09.12 12:18:05.150,0.88597,0.88617,1.00,1.00
2017.09.12 12:18:11.810,0.88599,0.88618,1.00,1.00
2017.09.12 12:18:12.908,0.88597,0.88617,1.00,1.00
2017.09.12 12:18:15.241,0.88597,0.88616,1.00,1.00
2017.09.12 12:18:15.292,0.88595,0.88616,1.00,1.00
2017.09.12 12:18:15.343,0.88594,0.88614,1.00,1.00
2017.09.12 12:18:15.999,0.88594,0.88613,1.00,1.00
2017.09.12 12:18:17.040,0.88593,0.88612,1.00,1.00
2017.09.12 12:18:21.321,0.88592,0.88611,1.00,1.00
2017.09.12 12:18:26.885,0.8859,0.88612,1.00,1.00
2017.09.12 12:18:27.421,0.88591,0.88612,1.00,1.00
2017.09.12 12:18:30.069,0.88591,0.88613,1.00,1.00
2017.09.12 12:18:30.569,0.88593,0.88612,1.00,1.00
2017.09.12 12:18:34.593,0.8859,0.88611,1.00,1.00
2017.09.12 12:18:36.118,0.88592,0.88611,1.00,1.00
2017.09.12 12:18:36.168,0.88592,0.88614,1.00,1.00
2017.09.12 12:18:36.219,0.88594,0.88613,1.00,1.00
2017.09.12 12:18:36.472,0.88592,0.88613,1.00,1.00
2017.09.12 12:18:40.144,0.88594,0.88613,1.00,1.00
2017.09.12 12:18:41.915,0.88593,0.88613,1.00,1.00
2017.09.12 12:18:42.444,0.88592,0.88614,1.00,1.00
2017.09.12 12:18:44.080,0.88592,0.88613,1.00,1.00
2017.09.12 12:18:45.099,0.88591,0.88612,1.00,1.00
2017.09.12 12:18:45.437,0.88593,0.88612,1.00,1.00
2017.09.12 12:18:45.979,0.88593,0.88614,1.00,1.00
2017.09.12 12:18:47.025,0.88593,0.88612,1.00,1.00
2017.09.12 12:18:50.968,0.88594,0.88613,1.00,1.00
2017.09.12 12:18:51.760,0.88593,0.88615,1.00,1.00
2017.09.12 12:18:53.294,0.88593,0.88614,1.00,1.00
2017.09.12 12:18:54.033,0.88595,0.88614,1.00,1.00
2017.09.12 12:18:54.222,0.88592,0.88614,1.00,1.00
2017.09.12 12:18:54.996,0.88591,0.88613,1.00,1.00
2017.09.12 12:18:55.192,0.88594,0.88613,1.00,1.00
2017.09.12 12:18:56.697,0.88593,0.88613,1.00,1.00
2017.09.12 12:18:57.547,0.88594,0.88615,1.00,1.00
2017.09.12 12:18:57.806,0.88599,0.88619,1.00,1.00
2017.09.12 12:18:58.147,0.88602,0.88621,1.00,1.00
2017.09.12 12:18:59.148,0.88602,0.88622,1.00,1.00
2017.09.12 12:19:00.129,0.88603,0.88622,1.00,1.00
2017.09.12 12:19:00.230,0.886,0.88621,1.00,1.00
2017.09.12 12:19:00.640,0.88599,0.88623,1.00,1.00
2017.09.12 12:19:00.908,0.88599,0.88621,1.00,1.00
2017.09.12 12:19:01.612,0.88598,0.88621,1.00,1.00
2017.09.12 12:19:01.800,0.88592,0.88617,2.25,1.00
2017.09.12 12:19:02.654,0.88593,0.88618,1.00,1.00
2017.09.12 12:19:03.315,0.88592,0.88617,1.00,1.00
2017.09.12 12:19:03.442,0.8859,0.88614,1.00,1.00
2017.09.12 12:19:04.842,0.8859,0.88612,1.00,1.00
2017.09.12 12:19:05.370,0.88587,0.88612,1.00,1.00
2017.09.12 12:19:05.607,0.88585,0.88607,1.00,1.00
2017.09.12 12:19:05.658,0.88582,0.88605,1.00,1.00
2017.09.12 12:19:06.403,0.88583,0.88607,1.00,1.00
2017.09.12 12:19:07.290,0.88587,0.88608,1.00,1.00
2017.09.12 12:19:07.340,0.88584,0.88607,1.00,1.00
2017.09.12 12:19:08.307,0.88583,0.88606,1.00,1.00
2017.09.12 12:19:08.847,0.88583,0.88604,1.00,1.00
2017.09.12 12:19:08.948,0.8858,0.88603,1.00,1.00
2017.09.12 12:19:09.410,0.88584,0.88605,1.00,1.00
2017.09.12 12:19:10.224,0.88582,0.88603,1.00,1.00
2017.09.12 12:19:10.477,0.88579,0.88603,1.00,1.00
2017.09.12 12:19:11.975,0.88578,0.88603,1.00,1.00
2017.09.12 12:19:13.850,0.88579,0.88601,1.00,1.00
2017.09.12 12:19:17.033,0.8858,0.88603,1.00,1.00
2017.09.12 12:19:17.542,0.8858,0.88601,1.00,1.00
2017.09.12 12:19:18.354,0.88579,0.88601,1.00,1.00
2017.09.12 12:19:18.405,0.88577,0.886,1.00,1.00
2017.09.12 12:19:19.038,0.88576,0.88599,1.00,1.00
2017.09.12 12:19:19.194,0.88576,0.88597,1.00,1.00
2017.09.12 12:19:20.246,0.88577,0.88598,1.00,1.00
2017.09.12 12:19:24.164,0.88575,0.88598,1.00,1.00
2017.09.12 12:19:30.283,0.88576,0.88598,1.00,1.00
2017.09.12 12:19:30.384,0.88574,0.88598,1.00,1.00
2017.09.12 12:19:30.888,0.88575,0.88598,1.00,1.00
2017.09.12 12:19:30.990,0.88575,0.88596,1.00,1.00
2017.09.12 12:19:31.183,0.88571,0.88594,1.00,1.00
2017.09.12 12:19:31.335,0.88575,0.88596,1.00,1.00
2017.09.12 12:19:31.487,0.88573,0.88596,1.00,1.00
2017.09.12 12:19:31.689,0.88577,0.886,1.00,1.00
2017.09.12 12:19:32.055,0.88579,0.886,1.00,1.00
2017.09.12 12:19:33.353,0.8858,0.88602,1.00,1.00
2017.09.12 12:19:34.078,0.8858,0.88601,1.00,1.00
2017.09.12 12:19:35.477,0.88576,0.88597,1.00,1.00
2017.09.12 12:19:35.780,0.88572,0.88593,1.00,1.00
2017.09.12 12:19:36.460,0.88571,0.88592,1.00,1.00
2017.09.12 12:19:36.806,0.88576,0.88597,1.00,1.00
2017.09.12 12:19:37.058,0.88577,0.886,1.00,1.00
2017.09.12 12:19:37.691,0.88577,0.88598,1.00,1.00
2017.09.12 12:19:38.738,0.88576,0.88597,1.00,1.00
2017.09.12 12:19:41.291,0.88577,0.88598,1.00,1.00
2017.09.12 12:19:41.880,0.88576,0.88597,1.00,1.00
2017.09.12 12:19:45.720,0.88577,0.88598,1.00,1.00
2017.09.12 12:19:50.982,0.88578,0.88599,1.00,1.00
2017.09.12 12:19:53.470,0.88579,0.886,1.00,1.00
2017.09.12 12:19:53.773,0.88576,0.88597,1.00,1.00
2017.09.12 12:19:57.567,0.88576,0.88599,1.00,1.00
2017.09.12 12:19:58.323,0.88577,0.88598,1.00,1.00
2017.09.12 12:19:58.374,0.88575,0.88598,1.00,1.00
2017.09.12 12:19:58.575,0.88575,0.88596,1.00,1.00
2017.09.12 12:19:58.727,0.88573,0.88596,1.00,1.00
2017.09.12 12:19:58.878,0.88573,0.88594,1.00,1.00
2017.09.12 12:19:59.225,0.88575,0.88596,1.00,1.00
2017.09.12 12:19:59.326,0.88578,0.88601,1.00,1.00
2017.09.12 12:19:59.377,0.8858,0.88601,1.00,1.00
2017.09.12 12:19:59.428,0.88575,0.886,1.00,1.00
2017.09.12 12:19:59.479,0.88577,0.88598,1.00,1.00
2017.09.12 12:19:59.782,0.88579,0.886,1.00,1.00
2017.09.12 12:19:59.901,0.88574,0.88597,1.00,1.00
2017.09.12 12:19:59.954,0.88573,0.88594,1.00,1.00
2017.09.12 12:20:00.257,0.88576,0.88597,1.00,1.00
2017.09.12 12:20:00.409,0.88576,0.88599,1.00,1.00
2017.09.12 12:20:00.708,0.88573,0.88596,1.12,1.00
2017.09.12 12:20:01.134,0.88572,0.88594,1.00,1.00
2017.09.12 12:20:01.235,0.8857,0.88593,1.00,1.00
2017.09.12 12:20:01.364,0.88567,0.88588,1.00,1.00
2017.09.12 12:20:01.465,0.88568,0.88591,1.00,1.00
2017.09.12 12:20:01.967,0.88569,0.88592,1.00,1.00
2017.09.12 12:20:02.315,0.88571,0.88592,1.00,1.00
2017.09.12 12:20:02.694,0.88571,0.88594,1.00,1.00
2017.09.12 12:20:02.898,0.88572,0.88596,1.00,1.00
2017.09.12 12:20:03.100,0.88572,0.88593,1.00,1.00
2017.09.12 12:20:03.251,0.88573,0.88595,1.00,1.00
2017.09.12 12:20:03.586,0.88573,0.88597,1.00,1.00
2017.09.12 12:20:05.173,0.88572,0.88596,1.00,1.00
2017.09.12 12:20:05.224,0.88572,0.88594,1.00,1.00
2017.09.12 12:20:05.739,0.88572,0.88593,1.00,1.00
2017.09.12 12:20:05.925,0.8857,0.88593,1.00,1.00
2017.09.12 12:20:06.287,0.88568,0.88589,1.00,1.00
2017.09.12 12:20:06.337,0.88569,0.88593,1.00,1.00
2017.09.12 12:20:06.489,0.88569,0.8859,1.00,1.00
2017.09.12 12:20:06.540,0.88569,0.88592,1.00,1.00
2017.09.12 12:20:07.739,0.88567,0.8859,1.00,1.00
2017.09.12 12:20:08.385,0.88566,0.88589,1.00,1.00
2017.09.12 12:20:08.436,0.88567,0.88591,1.00,1.00
2017.09.12 12:20:10.057,0.88566,0.88593,1.00,1.50
2017.09.12 12:20:10.333,0.88566,0.8859,1.00,1.00
2017.09.12 12:20:11.004,0.88569,0.8859,1.00,1.00
2017.09.12 12:20:12.625,0.88571,0.88592,1.00,1.00
2017.09.12 12:20:12.910,0.8856,0.88583,1.00,1.00
2017.09.12 12:20:12.961,0.8856,0.88581,1.00,1.00
2017.09.12 12:20:13.483,0.88561,0.88582,1.00,1.00
2017.09.12 12:20:14.209,0.88561,0.88584,1.00,1.00
2017.09.12 12:20:14.361,0.88563,0.88586,1.00,1.00
2017.09.12 12:20:15.012,0.88561,0.88586,1.00,1.00
2017.09.12 12:20:15.063,0.88562,0.88583,1.00,1.00
2017.09.12 12:20:15.936,0.88561,0.88582,1.00,1.00
2017.09.12 12:20:16.685,0.88561,0.88584,1.00,1.00
2017.09.12 12:20:16.786,0.8856,0.88582,1.00,1.00
2017.09.12 12:20:16.837,0.88558,0.88583,1.00,1.00
2017.09.12 12:20:16.887,0.88558,0.88581,1.00,1.00
2017.09.12 12:20:17.088,0.88556,0.8858,1.00,1.00
2017.09.12 12:20:17.234,0.88555,0.88578,1.00,1.00
2017.09.12 12:20:17.542,0.88553,0.88576,1.00,1.00
2017.09.12 12:20:18.176,0.88556,0.88577,1.00,1.00
2017.09.12 12:20:18.327,0.88556,0.88579,1.00,1.00
2017.09.12 12:20:20.901,0.88555,0.88578,1.00,1.00
2017.09.12 12:20:21.416,0.88556,0.88579,1.00,1.00
2017.09.12 12:20:23.002,0.88555,0.88576,1.00,1.00
2017.09.12 12:20:23.911,0.88553,0.88574,1.00,1.00
2017.09.12 12:20:24.168,0.88554,0.88577,1.00,1.00
2017.09.12 12:20:24.218,0.88554,0.88575,1.00,1.00
2017.09.12 12:20:24.319,0.88552,0.88575,1.00,1.00
2017.09.12 12:20:24.421,0.8855,0.88571,1.00,1.00
2017.09.12 12:20:24.801,0.88551,0.88574,1.00,1.00
2017.09.12 12:20:24.953,0.88553,0.88576,1.00,1.00
2017.09.12 12:20:25.282,0.88553,0.88574,1.00,1.00
2017.09.12 12:20:26.059,0.88554,0.88575,1.00,1.00
2017.09.12 12:20:26.960,0.88555,0.88578,1.00,1.00
2017.09.12 12:20:27.466,0.88565,0.88583,1.00,1.00
2017.09.12 12:20:27.518,0.88563,0.88583,1.00,1.00
2017.09.12 12:20:27.804,0.88561,0.88582,1.00,1.00
2017.09.12 12:20:28.332,0.8856,0.88581,1.00,1.00
2017.09.12 12:20:28.433,0.88561,0.88583,1.00,1.00
2017.09.12 12:20:28.484,0.88563,0.88584,1.00,1.00
2017.09.12 12:20:29.464,0.88564,0.88585,1.00,1.00
2017.09.12 12:20:30.809,0.88562,0.88585,1.00,1.00
2017.09.12 12:20:31.214,0.88566,0.88587,1.00,1.00
2017.09.12 12:20:32.325,0.88564,0.88585,1.00,1.00
2017.09.12 12:20:34.273,0.88563,0.88585,1.00,1.00
2017.09.12 12:20:34.614,0.88562,0.88583,1.00,1.00
2017.09.12 12:20:35.125,0.88564,0.88585,1.00,1.00
2017.09.12 12:20:35.176,0.88565,0.88588,1.00,1.50
2017.09.12 12:20:36.041,0.88566,0.88588,1.00,1.00
2017.09.12 12:20:36.192,0.88565,0.88586,1.00,1.00
2017.09.12 12:20:36.535,0.8856,0.88583,1.00,1.00
2017.09.12 12:20:37.168,0.88561,0.88582,1.00,1.00
2017.09.12 12:20:37.218,0.88563,0.88584,1.00,1.00
2017.09.12 12:20:37.627,0.88565,0.88586,1.00,1.00
2017.09.12 12:20:37.784,0.88563,0.88586,1.00,1.00
2017.09.12 12:20:37.945,0.88565,0.88586,1.00,1.00
2017.09.12 12:20:38.046,0.88559,0.88582,1.50,1.00
2017.09.12 12:20:38.198,0.88559,0.8858,1.00,1.00
2017.09.12 12:20:40.058,0.88558,0.88579,1.00,1.00
2017.09.12 12:20:41.014,0.88558,0.88581,1.00,1.00
2017.09.12 12:20:41.065,0.8856,0.88583,1.00,1.00
2017.09.12 12:20:41.456,0.8856,0.88581,1.00,1.00
2017.09.12 12:20:41.813,0.8856,0.88583,1.00,1.00
2017.09.12 12:20:42.409,0.88559,0.88583,1.00,1.00
2017.09.12 12:20:42.712,0.88558,0.88581,1.00,1.00
2017.09.12 12:20:43.026,0.8856,0.88582,1.00,1.00
2017.09.12 12:20:43.496,0.88559,0.8858,1.00,1.00
2017.09.12 12:20:44.677,0.88559,0.88582,1.00,1.00
2017.09.12 12:20:45.338,0.88558,0.88582,1.00,1.00
2017.09.12 12:20:45.839,0.88559,0.88582,1.00,1.00
2017.09.12 12:20:46.479,0.88557,0.88581,1.00,1.00
2017.09.12 12:20:47.147,0.88557,0.8858,1.00,1.00
2017.09.12 12:20:47.198,0.88555,0.88578,1.00,1.00
2017.09.12 12:20:48.172,0.88555,0.88576,1.00,1.00
2017.09.12 12:20:48.575,0.88557,0.88578,1.00,1.00
2017.09.12 12:20:49.004,0.88555,0.88576,1.00,1.00
2017.09.12 12:20:49.054,0.88558,0.88581,1.00,1.00
2017.09.12 12:20:49.555,0.88559,0.88582,1.00,1.00
2017.09.12 12:20:49.741,0.88559,0.8858,1.00,1.00
2017.09.12 12:20:51.141,0.8856,0.88583,1.00,1.00
2017.09.12 12:20:51.242,0.88562,0.88583,1.00,1.00
2017.09.12 12:20:51.293,0.88563,0.88586,1.00,1.00
2017.09.12 12:20:51.344,0.88565,0.88586,1.00,1.00
2017.09.12 12:20:51.394,0.88565,0.88588,1.00,1.00
2017.09.12 12:20:51.633,0.88565,0.88586,1.00,1.00
2017.09.12 12:20:51.951,0.88563,0.88584,1.00,1.00
2017.09.12 12:20:52.480,0.88562,0.88583,1.00,1.00
2017.09.12 12:20:52.936,0.88563,0.88585,1.00,1.00
2017.09.12 12:20:53.586,0.88564,0.88586,1.00,1.00
2017.09.12 12:20:53.636,0.88561,0.88582,1.00,1.00
2017.09.12 12:20:53.687,0.88558,0.88581,1.50,1.00
2017.09.12 12:20:53.942,0.88557,0.88578,1.00,1.00
2017.09.12 12:20:54.529,0.88556,0.88579,1.00,1.00
2017.09.12 12:20:54.831,0.8856,0.88581,1.00,1.00
2017.09.12 12:20:56.513,0.88558,0.88579,1.00,1.00
2017.09.12 12:20:57.686,0.88558,0.88581,1.00,1.00
2017.09.12 12:20:57.787,0.88561,0.88584,1.00,1.00
2017.09.12 12:20:58.320,0.88562,0.88585,1.00,1.00
2017.09.12 12:20:58.744,0.88562,0.88588,1.00,1.00
2017.09.12 12:20:59.794,0.88562,0.88585,1.00,1.00
2017.09.12 12:20:59.932,0.88563,0.88587,1.00,1.00
2017.09.12 12:21:00.111,0.88562,0.88583,1.00,1.00
2017.09.12 12:21:00.971,0.8856,0.88583,1.00,1.00
2017.09.12 12:21:01.422,0.88562,0.88583,1.00,1.00
2017.09.12 12:21:01.706,0.88562,0.88585,1.00,1.00
2017.09.12 12:21:01.758,0.88564,0.88585,1.00,1.00
2017.09.12 12:21:02.095,0.88564,0.88587,1.00,1.00
2017.09.12 12:21:03.637,0.88562,0.88585,1.00,1.00
2017.09.12 12:21:04.140,0.88563,0.88585,1.00,1.00
2017.09.12 12:21:04.722,0.88566,0.88587,1.00,1.00
2017.09.12 12:21:05.235,0.88565,0.88586,1.00,1.00
2017.09.12 12:21:05.651,0.88571,0.88592,1.00,1.50
2017.09.12 12:21:06.347,0.88569,0.88592,1.00,1.00
2017.09.12 12:21:06.640,0.88571,0.88592,1.00,1.00
2017.09.12 12:21:06.943,0.88561,0.88585,1.60,1.00
2017.09.12 12:21:07.745,0.88561,0.88585,1.00,1.00
2017.09.12 12:21:10.690,0.88561,0.88584,1.00,1.00
2017.09.12 12:21:11.356,0.88561,0.88583,1.00,1.00
2017.09.12 12:21:12.442,0.88565,0.88586,1.00,1.12
2017.09.12 12:21:12.745,0.88563,0.88584,1.00,1.00
2017.09.12 12:21:12.795,0.88561,0.88584,1.00,1.00
2017.09.12 12:21:13.390,0.8856,0.88585,1.00,1.00
2017.09.12 12:21:13.579,0.8856,0.88583,1.00,1.00
2017.09.12 12:21:14.134,0.88559,0.88582,1.00,1.00
2017.09.12 12:21:14.185,0.8856,0.88584,1.00,1.12
2017.09.12 12:21:14.437,0.88563,0.88584,1.00,1.12
2017.09.12 12:21:14.488,0.8856,0.88583,1.00,1.00
2017.09.12 12:21:15.116,0.88562,0.88582,1.00,1.00
2017.09.12 12:21:15.900,0.88562,0.88583,1.00,1.00
2017.09.12 12:21:16.639,0.8856,0.88582,1.00,1.00
2017.09.12 12:21:18.095,0.88559,0.88581,1.00,1.00
2017.09.12 12:21:18.531,0.88561,0.88582,1.00,1.00
2017.09.12 12:21:18.582,0.88562,0.88584,1.00,1.00
2017.09.12 12:21:18.734,0.8856,0.88581,1.00,1.00
2017.09.12 12:21:19.408,0.88562,0.88583,1.00,1.00
2017.09.12 12:21:21.854,0.88561,0.88582,1.00,1.00
2017.09.12 12:21:23.362,0.88558,0.88579,1.00,1.00
2017.09.12 12:21:25.617,0.88559,0.8858,1.00,1.00
2017.09.12 12:21:25.920,0.88557,0.88578,1.00,1.00
2017.09.12 12:21:26.490,0.88559,0.8858,1.00,1.00
2017.09.12 12:21:26.778,0.88557,0.8858,1.00,1.00
2017.09.12 12:21:27.506,0.88558,0.88581,1.00,1.00
2017.09.12 12:21:28.094,0.8856,0.88581,1.00,1.00
2017.09.12 12:21:28.425,0.88558,0.88579,1.00,1.00
2017.09.12 12:21:28.864,0.88558,0.88581,1.00,1.00
2017.09.12 12:21:28.915,0.8856,0.88581,1.00,1.00
2017.09.12 12:21:29.358,0.8856,0.88583,1.00,1.00
2017.09.12 12:21:29.409,0.88558,0.88581,1.00,1.00
2017.09.12 12:21:30.113,0.88558,0.88582,1.50,1.00
2017.09.12 12:21:30.930,0.88561,0.88582,1.00,1.00
2017.09.12 12:21:33.415,0.88561,0.88583,1.00,1.00
2017.09.12 12:21:33.764,0.88564,0.88584,1.00,1.00
2017.09.12 12:21:33.987,0.88564,0.88586,1.00,1.00
2017.09.12 12:21:34.683,0.88561,0.88585,1.00,1.00
2017.09.12 12:21:34.733,0.88563,0.88584,1.00,1.00
2017.09.12 12:21:34.784,0.88563,0.88587,1.50,1.50
2017.09.12 12:21:34.835,0.88565,0.88587,1.00,1.50
2017.09.12 12:21:35.138,0.88559,0.88581,1.00,1.00
2017.09.12 12:21:35.683,0.8856,0.88581,1.00,1.00
2017.09.12 12:21:36.200,0.88559,0.8858,1.00,1.00
2017.09.12 12:21:36.766,0.88557,0.88581,1.00,1.50
2017.09.12 12:21:36.868,0.88559,0.88583,1.00,1.00
2017.09.12 12:21:37.397,0.88558,0.88582,1.00,1.00
2017.09.12 12:21:38.325,0.88559,0.88583,1.00,1.00
2017.09.12 12:21:38.666,0.88561,0.88582,1.00,1.00
2017.09.12 12:21:39.120,0.88561,0.88584,1.00,1.00
2017.09.12 12:21:40.017,0.88563,0.88584,1.00,1.00
2017.09.12 12:21:40.444,0.8856,0.88584,1.00,1.00
2017.09.12 12:21:41.072,0.8856,0.88583,1.00,1.00
2017.09.12 12:21:41.354,0.88562,0.88583,1.00,1.00
2017.09.12 12:21:41.456,0.88563,0.88585,1.00,1.00
2017.09.12 12:21:42.638,0.88566,0.88588,1.00,1.00
2017.09.12 12:21:43.146,0.88566,0.88587,1.00,1.00
2017.09.12 12:21:45.773,0.88566,0.8859,1.00,2.62
2017.09.12 12:21:46.274,0.88568,0.8859,1.00,1.12
2017.09.12 12:21:47.728,0.88567,0.88589,1.00,1.00
2017.09.12 12:21:48.573,0.88571,0.88593,1.00,1.50
2017.09.12 12:21:52.102,0.8857,0.88593,1.00,1.00
2017.09.12 12:21:52.435,0.88565,0.88588,1.50,1.00
2017.09.12 12:21:52.536,0.88563,0.88587,1.00,1.00
2017.09.12 12:21:52.921,0.88564,0.88585,1.00,1.00
2017.09.12 12:21:53.073,0.88565,0.88587,1.00,1.00
2017.09.12 12:21:53.174,0.88568,0.88588,1.00,1.00
2017.09.12 12:21:53.275,0.88573,0.88594,1.00,1.00
2017.09.12 12:21:53.326,0.88575,0.88599,1.00,1.00
2017.09.12 12:21:55.972,0.88578,0.88602,1.00,1.00
2017.09.12 12:21:56.289,0.88581,0.88603,1.00,1.00
2017.09.12 12:21:57.079,0.88581,0.88605,1.00,1.00
2017.09.12 12:21:57.131,0.88579,0.88601,1.00,1.00
2017.09.12 12:21:57.471,0.88572,0.88594,1.00,1.00
2017.09.12 12:21:58.049,0.88573,0.88595,1.00,1.00
2017.09.12 12:21:58.591,0.88574,0.88595,1.00,1.00
2017.09.12 12:21:58.933,0.88571,0.88595,1.00,1.00
2017.09.12 12:21:59.034,0.88573,0.88595,1.00,1.00
2017.09.12 12:21:59.568,0.88572,0.88594,1.00,1.00
2017.09.12 12:22:00.119,0.88572,0.88593,1.00,1.00
2017.09.12 12:22:00.658,0.88573,0.88593,1.00,1.00
2017.09.12 12:22:01.040,0.88575,0.88599,1.00,1.00
2017.09.12 12:22:01.091,0.88578,0.88599,1.00,1.00
2017.09.12 12:22:01.327,0.88578,0.88602,1.00,1.50
2017.09.12 12:22:04.044,0.88577,0.88601,1.00,1.00
2017.09.12 12:22:05.297,0.88578,0.88601,1.00,1.00
2017.09.12 12:22:06.065,0.88579,0.88601,1.00,1.00
2017.09.12 12:22:07.392,0.88579,0.88602,1.00,1.00
2017.09.12 12:22:07.443,0.88578,0.886,1.00,1.00
2017.09.12 12:22:07.758,0.88573,0.88597,1.00,1.00
2017.09.12 12:22:08.613,0.88572,0.88594,1.00,1.00
2017.09.12 12:22:09.340,0.88573,0.88595,1.00,1.00
2017.09.12 12:22:11.696,0.88572,0.88594,1.00,1.00
2017.09.12 12:22:11.999,0.88574,0.88596,1.00,1.00
2017.09.12 12:22:12.304,0.88581,0.88602,1.00,3.00
2017.09.12 12:22:12.433,0.88581,0.88602,1.00,1.00
2017.09.12 12:22:13.087,0.8858,0.88602,1.00,1.00
2017.09.12 12:22:14.057,0.88581,0.88603,1.00,1.00
2017.09.12 12:22:14.158,0.88579,0.88603,1.00,1.00
2017.09.12 12:22:18.716,0.8858,0.88604,1.00,1.50
2017.09.12 12:22:20.321,0.88581,0.88602,1.00,1.00
2017.09.12 12:22:20.862,0.8858,0.88602,1.00,1.00
2017.09.12 12:22:21.134,0.88578,0.88602,1.00,1.00
2017.09.12 12:22:21.184,0.88576,0.88598,1.00,1.00
2017.09.12 12:22:21.235,0.88574,0.88598,1.00,1.00
2017.09.12 12:22:21.877,0.88573,0.88596,1.00,1.00
2017.09.12 12:22:22.129,0.88569,0.88593,1.00,1.00
2017.09.12 12:22:22.941,0.88569,0.88592,1.00,1.00
2017.09.12 12:22:25.627,0.88569,0.8859,1.00,1.00
2017.09.12 12:22:25.881,0.88569,0.88593,1.00,1.00
2017.09.12 12:22:26.581,0.88571,0.88592,1.00,1.00
2017.09.12 12:22:26.682,0.88569,0.88592,1.00,1.00
2017.09.12 12:22:27.016,0.88568,0.88589,1.00,1.00
2017.09.12 12:22:27.872,0.88567,0.88589,1.00,1.00
2017.09.12 12:22:30.706,0.88569,0.8859,1.00,1.00
2017.09.12 12:22:30.858,0.88569,0.88592,1.00,1.00
2017.09.12 12:22:30.909,0.88571,0.88594,1.00,1.00
2017.09.12 12:22:31.593,0.88569,0.88593,1.00,1.00
2017.09.12 12:22:32.355,0.88571,0.88595,1.00,1.00
2017.09.12 12:22:34.000,0.88571,0.88593,1.00,1.00
2017.09.12 12:22:35.590,0.88575,0.88596,1.00,1.00
2017.09.12 12:22:36.560,0.88574,0.88595,1.00,1.00
2017.09.12 12:22:37.096,0.88571,0.88595,1.00,1.50
2017.09.12 12:22:37.471,0.88573,0.88595,1.00,1.50
2017.09.12 12:22:39.454,0.88572,0.88594,1.00,1.12
2017.09.12 12:22:40.950,0.8857,0.88593,1.00,1.00
2017.09.12 12:22:42.395,0.8857,0.88592,1.00,1.00
2017.09.12 12:22:42.896,0.8857,0.88594,1.00,1.50
2017.09.12 12:22:44.388,0.88571,0.88595,1.00,1.00
2017.09.12 12:22:44.621,0.88573,0.88594,1.00,1.00
2017.09.12 12:22:44.672,0.88571,0.88593,1.00,1.00
2017.09.12 12:22:45.007,0.88573,0.88594,1.00,1.00
2017.09.12 12:22:45.597,0.88575,0.88597,1.00,1.50
2017.09.12 12:22:47.435,0.88576,0.88598,1.00,1.00
2017.09.12 12:22:53.950,0.88575,0.88597,1.00,1.00
2017.09.12 12:22:55.547,0.88575,0.88596,1.00,1.00
2017.09.12 12:22:56.441,0.88574,0.88595,1.00,1.00
2017.09.12 12:22:56.542,0.88572,0.88593,1.00,1.00
2017.09.12 12:22:57.005,0.8857,0.88591,1.00,1.00
2017.09.12 12:22:57.926,0.88568,0.88591,1.00,1.00
2017.09.12 12:22:58.644,0.88569,0.88592,1.00,1.00
2017.09.12 12:22:59.213,0.88568,0.88591,1.00,1.00
2017.09.12 12:23:00.609,0.8857,0.88591,1.00,1.00
2017.09.12 12:23:01.110,0.88568,0.88591,1.00,1.00
2017.09.12 12:23:02.957,0.88568,0.88589,1.00,1.00
2017.09.12 12:23:06.300,0.88566,0.88587,1.35,1.00
2017.09.12 12:23:06.419,0.88564,0.88587,1.00,1.00
2017.09.12 12:23:06.470,0.88562,0.88585,1.00,1.00
2017.09.12 12:23:06.773,0.88566,0.88589,1.00,1.00
2017.09.12 12:23:08.194,0.88568,0.88589,1.00,1.00
2017.09.12 12:23:09.514,0.88566,0.88587,1.00,1.00
2017.09.12 12:23:09.692,0.88567,0.8859,1.00,1.00
2017.09.12 12:23:09.849,0.8857,0.88591,1.00,1.00
2017.09.12 12:23:09.900,0.8857,0.88594,1.00,1.00
2017.09.12 12:23:10.051,0.8857,0.88591,1.00,1.00
2017.09.12 12:23:10.309,0.8857,0.88594,1.00,1.00
2017.09.12 12:23:11.043,0.88571,0.88592,1.00,1.00
2017.09.12 12:23:11.093,0.88569,0.88592,1.00,1.00
2017.09.12 12:23:11.304,0.88567,0.8859,1.00,1.00
2017.09.12 12:23:12.455,0.88568,0.8859,1.00,1.00
2017.09.12 12:23:13.475,0.88568,0.88592,1.00,1.00
2017.09.12 12:23:15.245,0.88568,0.88591,1.00,1.00
2017.09.12 12:23:16.060,0.88568,0.88592,1.00,1.00
2017.09.12 12:23:16.139,0.8857,0.88592,1.00,1.00
2017.09.12 12:23:16.422,0.88568,0.88592,1.00,1.00
2017.09.12 12:23:17.060,0.88568,0.88591,1.00,1.00
2017.09.12 12:23:17.590,0.88569,0.88591,1.00,1.00
2017.09.12 12:23:19.515,0.88568,0.88591,1.00,1.00
2017.09.12 12:23:19.565,0.88571,0.88592,1.00,1.00
2017.09.12 12:23:20.052,0.88569,0.8859,1.00,1.00
2017.09.12 12:23:20.103,0.88567,0.88589,1.00,1.00
2017.09.12 12:23:20.594,0.88566,0.88587,1.00,1.00
2017.09.12 12:23:22.364,0.88566,0.88589,1.00,1.00
2017.09.12 12:23:23.110,0.88566,0.8859,1.00,1.00
2017.09.12 12:23:23.161,0.88566,0.88588,1.00,1.00
2017.09.12 12:23:28.039,0.88565,0.88586,1.00,1.00
2017.09.12 12:23:29.617,0.88566,0.88587,1.00,1.00
2017.09.12 12:23:30.041,0.88568,0.88589,1.00,1.00
2017.09.12 12:23:30.678,0.88569,0.8859,1.00,1.00
2017.09.12 12:23:32.339,0.88567,0.88588,1.00,1.00
2017.09.12 12:23:32.814,0.88565,0.88586,1.00,1.00
2017.09.12 12:23:34.275,0.88563,0.88586,1.00,1.00
2017.09.12 12:23:34.883,0.88562,0.88585,1.00,1.00
2017.09.12 12:23:35.501,0.88561,0.88584,1.00,1.00
2017.09.12 12:23:35.972,0.88561,0.88582,1.00,1.00
2017.09.12 12:23:36.522,0.88565,0.88586,1.00,1.00
2017.09.12 12:23:38.430,0.88564,0.88585,1.00,1.00
2017.09.12 12:23:38.531,0.88562,0.88585,1.00,1.00
2017.09.12 12:23:38.581,0.8856,0.88583,1.00,1.00
2017.09.12 12:23:39.713,0.88559,0.88582,2.85,1.00
2017.09.12 12:23:40.746,0.88557,0.8858,1.00,1.00
2017.09.12 12:23:41.049,0.88557,0.88578,1.00,1.00
2017.09.12 12:23:41.100,0.88557,0.8858,1.00,1.00
2017.09.12 12:23:41.464,0.8856,0.88581,1.00,1.00
2017.09.12 12:23:41.828,0.88562,0.88585,1.00,1.00
2017.09.12 12:23:41.929,0.88564,0.88587,1.00,1.00
2017.09.12 12:23:44.302,0.88566,0.88587,1.00,1.00
2017.09.12 12:23:45.699,0.88566,0.88588,1.00,1.00
2017.09.12 12:23:46.200,0.88565,0.88586,1.00,1.00
2017.09.12 12:23:48.994,0.88568,0.88588,1.00,1.00
2017.09.12 12:23:49.045,0.88566,0.88587,1.00,1.00
2017.09.12 12:23:49.096,0.88565,0.88589,1.00,1.00
2017.09.12 12:23:49.247,0.88563,0.88589,1.00,1.00
2017.09.12 12:23:49.348,0.88564,0.88586,1.00,1.00
2017.09.12 12:23:49.688,0.88561,0.88587,1.00,1.00
2017.09.12 12:23:50.185,0.88563,0.88587,1.00,1.00
2017.09.12 12:23:50.881,0.88565,0.88586,1.00,1.00
2017.09.12 12:23:52.440,0.88562,0.88586,1.00,1.00
2017.09.12 12:23:53.040,0.88563,0.88587,1.00,1.00
2017.09.12 12:23:54.926,0.88565,0.88589,1.00,1.00
2017.09.12 12:23:55.229,0.88567,0.88591,1.00,1.00
2017.09.12 12:23:55.590,0.88567,0.88588,1.00,1.00
2017.09.12 12:23:57.547,0.88568,0.88588,1.00,1.00
2017.09.12 12:23:58.096,0.88567,0.88588,1.00,1.00
2017.09.12 12:23:58.569,0.88565,0.88588,1.00,1.00
2017.09.12 12:23:59.141,0.88566,0.8859,1.00,1.00
2017.09.12 12:24:00.728,0.88566,0.88591,1.00,2.25
2017.09.12 12:24:00.780,0.88564,0.88587,1.00,1.00
2017.09.12 12:24:01.105,0.88564,0.88585,1.00,1.00
2017.09.12 12:24:01.155,0.88565,0.88588,1.00,1.00
2017.09.12 12:24:06.712,0.88566,0.88589,1.00,1.00
2017.09.12 12:24:07.901,0.88569,0.8859,1.00,1.00
2017.09.12 12:24:08.405,0.8857,0.88591,1.00,1.00
2017.09.12 12:24:08.557,0.88568,0.88591,1.00,1.00
2017.09.12 12:24:09.284,0.88568,0.88589,1.00,1.00
2017.09.12 12:24:09.888,0.88567,0.88588,1.00,1.00
2017.09.12 12:24:09.939,0.88564,0.88587,1.00,1.00
2017.09.12 12:24:10.185,0.88564,0.88585,1.00,1.00
2017.09.12 12:24:10.742,0.88563,0.88584,1.00,1.00
2017.09.12 12:24:10.793,0.88561,0.88584,1.00,1.00
2017.09.12 12:24:10.944,0.88564,0.88585,1.00,1.00
2017.09.12 12:24:11.123,0.88564,0.88587,1.00,1.00
2017.09.12 12:24:11.174,0.88568,0.88589,1.00,1.00
2017.09.12 12:24:11.376,0.88568,0.88591,1.00,1.00
2017.09.12 12:24:12.263,0.8857,0.88592,1.00,1.00
2017.09.12 12:24:12.414,0.88571,0.88594,1.00,1.00
