2017.09.21 19:00:00.223,0.9022,0.90256,2.25,1.50
2017.09.21 19:00:00.273,0.90226,0.9026,1.50,1.50
2017.09.21 19:00:00.588,0.90228,0.90259,1.00,1.00
2017.09.21 19:00:00.638,0.90224,0.90259,1.50,1.50
2017.09.21 19:00:00.840,0.90221,0.90258,1.00,1.00
2017.09.21 19:00:01.042,0.90225,0.90249,1.00,1.00
2017.09.21 19:00:01.185,0.90229,0.90254,1.00,1.00
2017.09.21 19:00:01.235,0.90232,0.90256,1.00,1.00
2017.09.21 19:00:01.387,0.90227,0.90253,1.00,1.00
2017.09.21 19:00:02.102,0.90227,0.90251,1.00,1.00
2017.09.21 19:00:02.409,0.9023,0.90252,1.00,1.00
2017.09.21 19:00:02.459,0.90229,0.90254,1.00,1.00
2017.09.21 19:00:02.510,0.90232,0.90255,1.00,1.00
2017.09.21 19:00:02.561,0.90229,0.90253,1.00,1.00
2017.09.21 19:00:03.873,0.90229,0.90255,1.00,1.00
2017.09.21 19:00:03.924,0.90233,0.90256,1.00,1.00
2017.09.21 19:00:03.974,0.90231,0.90255,1.00,1.00
2017.09.21 19:00:04.025,0.90228,0.90254,1.00,1.00
2017.09.21 19:00:04.076,0.90228,0.90251,1.00,1.00
2017.09.21 19:00:04.126,0.90229,0.90255,1.00,1.00
2017.09.21 19:00:04.177,0.9023,0.90251,1.00,1.00
2017.09.21 19:00:05.189,0.90227,0.90255,1.50,1.00
2017.09.21 19:00:05.240,0.90234,0.90256,1.00,1.00
2017.09.21 19:00:05.341,0.90227,0.90251,1.50,1.00
2017.09.21 19:00:05.442,0.90229,0.90254,1.00,1.00
2017.09.21 19:00:05.543,0.90227,0.90247,1.00,1.00
2017.09.21 19:00:05.594,0.90221,0.90245,1.00,1.00
2017.09.21 19:00:05.645,0.90229,0.90251,1.00,1.00
2017.09.21 19:00:05.746,0.90229,0.90253,1.00,1.00
2017.09.21 19:00:06.048,0.90228,0.9025,1.00,1.00
2017.09.21 19:00:06.602,0.90229,0.90252,1.00,1.00
2017.09.21 19:00:07.990,0.90233,0.90255,1.00,1.00
2017.09.21 19:00:08.192,0.90235,0.90259,1.00,1.00
2017.09.21 19:00:08.293,0.90231,0.90252,1.00,1.00
2017.09.21 19:00:08.344,0.90229,0.90252,1.50,1.00
2017.09.21 19:00:08.886,0.90228,0.90252,1.00,1.00
2017.09.21 19:00:09.100,0.90232,0.90255,1.00,1.00
2017.09.21 19:00:09.481,0.9023,0.90252,1.00,1.00
2017.09.21 19:00:10.143,0.9023,0.90253,1.00,1.00
2017.09.21 19:00:10.472,0.90235,0.90257,1.00,1.00
2017.09.21 19:00:11.905,0.90239,0.90261,1.00,1.00
2017.09.21 19:00:12.277,0.90241,0.90263,1.00,1.00
2017.09.21 19:00:12.789,0.90242,0.90264,1.00,1.00
2017.09.21 19:00:13.002,0.90243,0.90267,1.00,1.00
2017.09.21 19:00:13.557,0.90243,0.90265,1.00,1.00
2017.09.21 19:00:14.173,0.90244,0.90266,1.00,1.00
2017.09.21 19:00:17.671,0.90242,0.90264,1.00,1.00
2017.09.21 19:00:17.974,0.90244,0.90266,1.00,2.25
2017.09.21 19:00:22.521,0.90251,0.90273,1.00,1.50
2017.09.21 19:00:22.826,0.90245,0.90267,1.00,1.00
2017.09.21 19:00:24.587,0.90246,0.90267,1.00,1.00
2017.09.21 19:00:27.993,0.90243,0.90267,1.00,1.00
2017.09.21 19:00:28.043,0.90243,0.90265,1.00,1.00
2017.09.21 19:00:28.199,0.90241,0.90265,1.50,1.00
2017.09.21 19:00:29.530,0.90246,0.90268,1.00,1.50
2017.09.21 19:00:30.070,0.90248,0.90269,1.00,1.00
2017.09.21 19:00:30.616,0.90246,0.9027,1.50,1.00
2017.09.21 19:00:39.115,0.90248,0.9027,1.00,1.00
2017.09.21 19:00:39.683,0.90247,0.90269,1.00,1.00
2017.09.21 19:00:43.484,0.90245,0.90269,1.50,1.00
2017.09.21 19:00:44.585,0.90246,0.90267,1.00,1.00
2017.09.21 19:00:45.431,0.90245,0.90267,1.00,1.00
2017.09.21 19:00:48.859,0.90246,0.90269,1.00,1.00
2017.09.21 19:00:49.622,0.90247,0.90269,1.00,1.00
2017.09.21 19:00:54.457,0.90246,0.90269,1.00,1.00
2017.09.21 19:00:54.892,0.90244,0.90268,1.00,1.00
2017.09.21 19:00:56.207,0.90244,0.90267,1.00,1.00
2017.09.21 19:00:56.358,0.90242,0.90264,1.00,1.00
2017.09.21 19:00:56.712,0.90244,0.90265,1.00,1.00
2017.09.21 19:00:59.134,0.90243,0.90265,1.00,1.00
2017.09.21 19:01:06.317,0.90242,0.90266,1.00,1.00
2017.09.21 19:01:08.131,0.90241,0.90263,1.00,1.00
2017.09.21 19:01:08.579,0.90243,0.90265,1.00,1.00
2017.09.21 19:01:09.676,0.90242,0.90264,1.00,1.00
2017.09.21 19:01:12.107,0.90241,0.90263,1.00,1.00
2017.09.21 19:01:12.641,0.9024,0.90264,1.00,1.00
2017.09.21 19:01:13.155,0.90239,0.90263,1.00,1.00
2017.09.21 19:01:13.712,0.9024,0.90264,1.00,1.00
2017.09.21 19:01:14.030,0.90239,0.90261,1.00,1.00
2017.09.21 19:01:14.333,0.90241,0.90262,1.00,1.00
2017.09.21 19:01:15.510,0.90239,0.9026,1.00,1.00
2017.09.21 19:01:15.611,0.90237,0.90259,1.00,1.00
2017.09.21 19:01:16.203,0.90237,0.90261,1.00,1.00
2017.09.21 19:01:17.865,0.90238,0.90262,1.00,1.00
2017.09.21 19:01:18.870,0.90239,0.90262,1.00,1.00
2017.09.21 19:01:19.022,0.90241,0.90263,1.00,1.00
2017.09.21 19:01:19.174,0.90239,0.90265,1.00,1.00
2017.09.21 19:01:19.225,0.90245,0.90267,1.00,1.00
2017.09.21 19:01:19.427,0.90242,0.90266,1.00,1.00
2017.09.21 19:01:22.808,0.90243,0.90267,1.00,1.00
2017.09.21 19:01:22.859,0.90243,0.90265,1.00,1.00
2017.09.21 19:01:23.632,0.90242,0.90264,1.00,1.00
2017.09.21 19:01:24.665,0.90238,0.90262,1.00,1.00
2017.09.21 19:01:24.766,0.9024,0.90262,1.00,1.00
2017.09.21 19:01:24.937,0.90241,0.90265,1.00,1.00
2017.09.21 19:01:24.987,0.90243,0.90265,1.00,1.00
2017.09.21 19:01:25.612,0.90242,0.90264,1.00,1.00
2017.09.21 19:01:26.769,0.90241,0.90263,1.00,1.00
2017.09.21 19:01:26.968,0.90241,0.90265,1.00,1.00
2017.09.21 19:01:27.019,0.90243,0.90265,1.00,1.00
2017.09.21 19:01:30.259,0.90241,0.90265,1.00,1.00
2017.09.21 19:01:31.411,0.90241,0.90263,1.00,1.00
2017.09.21 19:01:31.935,0.90242,0.90264,1.00,1.00
2017.09.21 19:01:33.908,0.90239,0.90261,1.00,1.00
2017.09.21 19:01:34.232,0.90242,0.90264,1.00,1.00
2017.09.21 19:01:39.737,0.90243,0.90264,1.00,1.00
2017.09.21 19:01:39.788,0.90242,0.90266,1.00,1.00
2017.09.21 19:01:40.032,0.90242,0.90264,1.00,1.00
2017.09.21 19:01:40.499,0.9024,0.90263,1.00,1.00
2017.09.21 19:01:40.679,0.90238,0.90263,1.50,1.00
2017.09.21 19:01:41.242,0.90241,0.90263,1.00,1.00
2017.09.21 19:01:44.254,0.90241,0.90262,1.00,1.00
2017.09.21 19:01:46.908,0.90241,0.90264,1.00,1.00
2017.09.21 19:01:47.702,0.90241,0.90265,1.00,1.00
2017.09.21 19:01:50.291,0.90245,0.90267,1.00,1.00
2017.09.21 19:01:51.275,0.90244,0.90266,1.00,1.00
2017.09.21 19:01:52.386,0.90245,0.90266,1.00,1.00
2017.09.21 19:01:52.812,0.9024,0.90263,1.00,1.00
2017.09.21 19:01:52.863,0.90238,0.90263,1.00,1.00
2017.09.21 19:01:54.165,0.90236,0.90261,1.00,1.00
2017.09.21 19:01:54.782,0.90236,0.9026,1.00,1.00
2017.09.21 19:01:55.256,0.90236,0.90258,1.00,1.00
2017.09.21 19:01:55.442,0.90244,0.90268,1.00,1.00
2017.09.21 19:01:55.493,0.90242,0.90266,1.00,1.00
2017.09.21 19:01:56.434,0.90241,0.90265,1.00,1.00
2017.09.21 19:01:57.305,0.90244,0.90266,1.00,1.00
2017.09.21 19:01:57.456,0.90246,0.9027,1.00,1.00
2017.09.21 19:01:57.996,0.90247,0.9027,1.00,1.00
2017.09.21 19:01:59.234,0.90246,0.9027,1.00,1.00
2017.09.21 19:02:03.830,0.90247,0.90268,1.00,1.00
2017.09.21 19:02:03.881,0.90246,0.9027,1.00,1.00
2017.09.21 19:02:04.177,0.90244,0.90268,1.00,1.00
2017.09.21 19:02:04.636,0.90246,0.90269,1.00,1.00
2017.09.21 19:02:05.276,0.90247,0.90272,1.00,1.00
2017.09.21 19:02:05.983,0.90244,0.90271,1.00,1.00
2017.09.21 19:02:06.134,0.90246,0.9027,1.00,1.00
2017.09.21 19:02:06.336,0.90246,0.90273,1.00,1.00
2017.09.21 19:02:09.333,0.90248,0.90272,1.00,1.00
2017.09.21 19:02:09.943,0.90248,0.90273,1.00,1.00
2017.09.21 19:02:11.192,0.90248,0.90274,1.00,1.00
2017.09.21 19:02:11.926,0.90249,0.90274,1.00,1.00
2017.09.21 19:02:12.584,0.9025,0.90275,1.00,1.00
2017.09.21 19:02:18.310,0.90249,0.90274,1.00,1.00
2017.09.21 19:02:18.954,0.90248,0.90273,1.00,1.00
2017.09.21 19:02:19.281,0.90256,0.9028,1.00,1.00
2017.09.21 19:02:19.332,0.90248,0.90273,1.00,1.00
2017.09.21 19:02:19.480,0.90248,0.90275,1.00,1.00
2017.09.21 19:02:19.683,0.90248,0.90272,1.50,1.00
2017.09.21 19:02:20.276,0.90248,0.90272,1.00,1.00
2017.09.21 19:02:20.865,0.90247,0.90271,1.00,1.00
2017.09.21 19:02:21.470,0.90247,0.90273,1.00,1.00
2017.09.21 19:02:22.509,0.90247,0.9027,1.00,1.00
2017.09.21 19:02:24.362,0.90246,0.9027,1.00,1.00
2017.09.21 19:02:24.876,0.90247,0.9027,1.00,1.00
2017.09.21 19:02:30.657,0.90247,0.90271,1.00,1.50
2017.09.21 19:02:31.328,0.90248,0.90271,1.00,1.00
2017.09.21 19:02:31.639,0.90245,0.90271,1.00,1.50
2017.09.21 19:02:38.309,0.90245,0.9027,1.00,1.00
2017.09.21 19:02:38.884,0.90242,0.90268,1.00,1.00
2017.09.21 19:02:38.935,0.90238,0.90265,1.00,1.00
2017.09.21 19:02:38.986,0.90238,0.90263,1.00,1.00
2017.09.21 19:02:39.355,0.90237,0.9026,1.00,1.00
2017.09.21 19:02:43.649,0.90237,0.90262,1.00,1.50
2017.09.21 19:02:44.001,0.90238,0.90264,1.00,1.50
2017.09.21 19:02:44.051,0.9024,0.90264,1.00,1.50
2017.09.21 19:02:44.324,0.90238,0.90264,1.00,1.00
2017.09.21 19:02:48.218,0.90239,0.90263,1.00,1.00
2017.09.21 19:02:50.385,0.90237,0.90264,1.00,1.50
2017.09.21 19:02:51.062,0.90236,0.90263,1.00,1.00
2017.09.21 19:02:52.103,0.90238,0.90264,1.00,1.50
2017.09.21 19:02:52.486,0.9024,0.90264,1.00,1.50
2017.09.21 19:02:52.913,0.90244,0.90267,1.00,1.00
2017.09.21 19:02:53.014,0.90245,0.9027,1.00,3.00
2017.09.21 19:02:54.413,0.90245,0.90269,1.00,1.00
2017.09.21 19:02:59.057,0.90245,0.9027,1.00,1.50
2017.09.21 19:02:59.643,0.90246,0.90269,1.00,1.00
2017.09.21 19:03:00.287,0.90247,0.90269,1.00,1.00
2017.09.21 19:03:00.338,0.90248,0.90271,1.00,1.00
2017.09.21 19:03:00.389,0.90248,0.90273,1.00,1.00
2017.09.21 19:03:00.439,0.9025,0.90274,1.00,1.50
2017.09.21 19:03:01.017,0.9025,0.90275,1.00,1.50
2017.09.21 19:03:13.276,0.9025,0.90274,1.00,1.00
2017.09.21 19:03:14.297,0.90249,0.90273,1.00,1.00
2017.09.21 19:03:15.538,0.9025,0.90273,1.00,1.00
2017.09.21 19:03:16.151,0.9025,0.90274,1.00,1.00
2017.09.21 19:03:19.499,0.90251,0.90274,1.00,1.00
2017.09.21 19:03:19.600,0.90254,0.90279,1.00,1.50
2017.09.21 19:03:19.650,0.90256,0.9028,1.00,1.00
2017.09.21 19:03:20.852,0.90256,0.90281,1.00,1.50
2017.09.21 19:03:21.463,0.90254,0.90281,1.00,1.50
2017.09.21 19:03:21.513,0.90254,0.90279,1.00,1.50
2017.09.21 19:03:22.221,0.90255,0.9028,1.00,1.50
2017.09.21 19:03:22.881,0.90255,0.90279,1.00,1.00
2017.09.21 19:03:23.591,0.90255,0.9028,1.00,1.00
2017.09.21 19:03:24.946,0.90254,0.9028,1.00,1.00
2017.09.21 19:03:25.471,0.90255,0.90281,1.00,1.00
2017.09.21 19:03:35.807,0.90257,0.90281,1.00,1.00
2017.09.21 19:03:36.420,0.90257,0.90282,1.00,1.00
2017.09.21 19:03:39.476,0.90256,0.90282,1.00,1.00
2017.09.21 19:03:39.526,0.90254,0.90281,1.00,1.00
2017.09.21 19:03:39.627,0.90252,0.9028,1.00,1.00
2017.09.21 19:03:39.729,0.90254,0.90278,1.00,1.00
2017.09.21 19:03:39.780,0.90256,0.90282,1.00,1.50
2017.09.21 19:03:40.415,0.90255,0.90282,1.00,1.00
2017.09.21 19:03:44.604,0.90255,0.90281,1.00,1.00
2017.09.21 19:03:44.705,0.90255,0.90279,1.00,1.00
2017.09.21 19:03:44.807,0.90255,0.90281,1.00,1.00
2017.09.21 19:03:45.417,0.90256,0.90281,1.00,1.00
2017.09.21 19:03:46.163,0.90256,0.90282,1.00,1.50
2017.09.21 19:03:48.644,0.90259,0.90284,1.00,1.00
2017.09.21 19:03:48.846,0.90261,0.90287,1.00,1.50
2017.09.21 19:03:48.897,0.90263,0.90288,1.00,1.00
2017.09.21 19:03:49.892,0.90265,0.90288,1.00,2.25
2017.09.21 19:03:51.688,0.9026,0.90286,1.00,1.00
2017.09.21 19:03:51.790,0.90258,0.90283,1.00,1.00
2017.09.21 19:03:52.298,0.90258,0.90282,1.00,1.00
2017.09.21 19:03:53.627,0.90258,0.90284,1.00,1.50
2017.09.21 19:03:54.597,0.90259,0.90284,1.00,1.50
2017.09.21 19:03:55.156,0.90258,0.90283,1.00,1.00
2017.09.21 19:03:56.342,0.90256,0.90283,1.00,1.00
2017.09.21 19:03:56.393,0.90254,0.9028,1.00,1.50
2017.09.21 19:03:59.340,0.90255,0.9028,1.00,1.00
2017.09.21 19:03:59.441,0.90256,0.90282,1.00,1.00
2017.09.21 19:03:59.867,0.90257,0.90284,1.00,1.00
2017.09.21 19:03:59.969,0.90259,0.90283,1.00,1.00
2017.09.21 19:04:00.987,0.90257,0.90284,1.00,1.50
2017.09.21 19:04:01.088,0.90257,0.90282,1.00,1.00
2017.09.21 19:04:01.615,0.90257,0.90283,1.00,1.00
2017.09.21 19:04:07.047,0.90257,0.90282,1.00,1.00
2017.09.21 19:04:08.666,0.90256,0.90282,1.00,1.00
2017.09.21 19:04:09.475,0.90256,0.90281,1.00,1.00
2017.09.21 19:04:10.036,0.90255,0.90281,1.00,1.50
2017.09.21 19:04:11.562,0.90256,0.90282,1.00,1.00
2017.09.21 19:04:14.535,0.90255,0.90282,1.00,1.00
2017.09.21 19:04:14.976,0.90256,0.9028,1.00,1.00
2017.09.21 19:04:15.478,0.90257,0.90281,1.00,1.00
2017.09.21 19:04:15.741,0.90254,0.90281,1.00,1.00
2017.09.21 19:04:15.892,0.90254,0.90279,1.00,1.00
2017.09.21 19:04:17.015,0.90255,0.90279,1.00,1.00
2017.09.21 19:04:17.843,0.90255,0.9028,1.00,1.50
2017.09.21 19:04:20.433,0.90254,0.90279,1.00,1.00
2017.09.21 19:04:21.790,0.90255,0.90282,1.00,1.00
2017.09.21 19:04:22.043,0.90257,0.90282,1.00,1.00
2017.09.21 19:04:22.851,0.90256,0.90283,1.00,1.00
2017.09.21 19:04:24.055,0.90256,0.90282,1.00,1.00
2017.09.21 19:04:24.398,0.90258,0.90282,1.00,1.00
2017.09.21 19:04:24.448,0.90256,0.90282,1.00,1.00
2017.09.21 19:04:24.819,0.90256,0.90278,1.00,1.50
2017.09.21 19:04:25.694,0.90256,0.90282,1.00,1.50
2017.09.21 19:04:28.602,0.9025,0.90276,1.00,1.00
2017.09.21 19:04:28.952,0.90244,0.9027,1.00,1.50
2017.09.21 19:04:29.282,0.90244,0.90268,1.00,1.50
2017.09.21 19:04:29.783,0.90244,0.90267,1.00,1.00
2017.09.21 19:04:29.939,0.90244,0.90269,1.00,1.00
2017.09.21 19:04:30.443,0.90243,0.90269,1.00,1.00
2017.09.21 19:04:31.484,0.90246,0.90268,1.00,1.00
2017.09.21 19:04:31.633,0.90251,0.90278,1.00,1.00
2017.09.21 19:04:31.684,0.90253,0.90279,1.00,1.50
2017.09.21 19:04:33.625,0.90253,0.90278,1.00,1.00
2017.09.21 19:04:34.019,0.90255,0.90279,1.00,2.25
2017.09.21 19:04:37.004,0.90254,0.90279,1.00,1.00
2017.09.21 19:04:37.549,0.90254,0.90278,1.00,1.00
2017.09.21 19:04:40.095,0.90254,0.90279,1.00,1.50
2017.09.21 19:04:42.560,0.90254,0.90277,1.00,1.00
2017.09.21 19:04:45.114,0.90255,0.90277,1.00,1.00
2017.09.21 19:04:45.408,0.90255,0.90279,1.00,1.50
2017.09.21 19:04:46.010,0.90255,0.90277,1.00,1.00
2017.09.21 19:04:46.061,0.90255,0.9028,1.00,1.00
2017.09.21 19:04:47.281,0.90255,0.90278,1.00,1.00
2017.09.21 19:04:48.168,0.90255,0.90277,1.00,1.00
2017.09.21 19:04:48.830,0.90255,0.90278,1.00,1.00
2017.09.21 19:04:50.911,0.90256,0.90281,1.00,1.50
2017.09.21 19:04:51.182,0.90256,0.90278,1.00,1.00
2017.09.21 19:04:52.237,0.90252,0.90275,1.00,1.00
2017.09.21 19:04:52.758,0.90252,0.90274,1.00,1.00
2017.09.21 19:04:53.274,0.90252,0.90276,1.00,1.50
2017.09.21 19:04:53.424,0.90252,0.90274,1.00,1.00
2017.09.21 19:04:54.675,0.9025,0.90274,1.00,1.50
2017.09.21 19:04:55.177,0.90251,0.90274,1.00,1.50
2017.09.21 19:05:01.073,0.9025,0.90274,1.00,1.50
2017.09.21 19:05:01.225,0.9025,0.90272,1.00,1.00
2017.09.21 19:05:01.889,0.9025,0.90273,1.00,1.00
2017.09.21 19:05:06.392,0.9025,0.90272,1.00,1.00
2017.09.21 19:05:06.894,0.9025,0.90271,1.00,1.00
2017.09.21 19:05:09.246,0.9025,0.90273,1.00,1.50
2017.09.21 19:05:11.706,0.9025,0.90272,1.00,1.00
2017.09.21 19:05:11.808,0.90248,0.90272,1.00,1.50
2017.09.21 19:05:11.966,0.90248,0.90274,1.00,1.50
2017.09.21 19:05:12.495,0.90248,0.90273,1.00,1.00
2017.09.21 19:05:13.787,0.90248,0.90272,1.00,1.00
2017.09.21 19:05:14.260,0.9025,0.90273,1.00,1.00
2017.09.21 19:05:14.890,0.9025,0.90274,1.00,1.50
2017.09.21 19:05:16.713,0.9025,0.90273,1.00,1.00
2017.09.21 19:05:18.398,0.9025,0.90274,1.00,1.50
2017.09.21 19:05:19.178,0.9025,0.90273,1.00,1.00
2017.09.21 19:05:23.570,0.90245,0.90269,1.00,1.00
2017.09.21 19:05:23.722,0.90245,0.90267,1.00,1.00
2017.09.21 19:05:23.773,0.90245,0.9027,1.00,1.00
2017.09.21 19:05:23.874,0.90247,0.9027,1.00,1.00
2017.09.21 19:05:23.925,0.90248,0.90272,1.00,1.00
2017.09.21 19:05:24.678,0.90249,0.90272,1.00,1.00
2017.09.21 19:05:24.779,0.90249,0.90274,1.00,1.00
2017.09.21 19:05:25.335,0.90249,0.90273,1.00,1.00
2017.09.21 19:05:26.875,0.90249,0.90275,1.00,1.50
2017.09.21 19:05:28.950,0.90249,0.90274,1.00,1.00
2017.09.21 19:05:30.723,0.90249,0.90273,1.00,1.00
2017.09.21 19:05:32.201,0.90249,0.90272,1.00,1.00
2017.09.21 19:05:33.617,0.90249,0.90271,1.00,1.00
2017.09.21 19:05:34.126,0.90249,0.90272,1.00,1.00
2017.09.21 19:05:35.678,0.90246,0.90272,1.00,1.50
2017.09.21 19:05:35.729,0.90245,0.9027,1.00,1.00
2017.09.21 19:05:36.340,0.90245,0.90269,1.00,1.00
2017.09.21 19:05:37.101,0.90248,0.90271,1.00,1.00
2017.09.21 19:05:37.253,0.9025,0.90274,1.00,1.50
2017.09.21 19:05:41.071,0.90249,0.90273,1.00,1.00
2017.09.21 19:05:41.121,0.90247,0.90271,1.00,1.00
2017.09.21 19:05:44.946,0.90247,0.90272,1.00,1.00
2017.09.21 19:05:45.624,0.90248,0.90272,1.00,1.00
2017.09.21 19:05:46.603,0.9025,0.90273,1.00,1.00
2017.09.21 19:05:47.261,0.90249,0.90273,1.00,1.00
2017.09.21 19:05:47.935,0.90249,0.90274,1.00,1.00
2017.09.21 19:05:48.245,0.90248,0.90272,1.00,1.00
2017.09.21 19:05:54.500,0.90248,0.90274,1.00,1.50
2017.09.21 19:05:55.241,0.90248,0.90273,1.00,1.00
2017.09.21 19:05:56.333,0.90248,0.90272,1.00,1.00
2017.09.21 19:05:59.723,0.90249,0.90272,1.00,1.00
2017.09.21 19:06:00.242,0.90248,0.90271,1.00,1.00
2017.09.21 19:06:00.893,0.90248,0.90268,1.00,1.00
2017.09.21 19:06:00.944,0.90249,0.90271,1.00,1.00
2017.09.21 19:06:01.191,0.90248,0.90273,1.00,1.00
2017.09.21 19:06:01.797,0.90248,0.90272,1.00,1.50
2017.09.21 19:06:01.948,0.90251,0.90273,1.00,1.00
2017.09.21 19:06:02.503,0.90251,0.90274,1.00,1.00
2017.09.21 19:06:05.194,0.9025,0.90274,1.00,1.50
2017.09.21 19:06:05.762,0.90249,0.90273,1.00,1.00
2017.09.21 19:06:06.272,0.9025,0.90273,1.00,1.00
2017.09.21 19:06:08.667,0.90248,0.90273,1.00,1.00
2017.09.21 19:06:09.837,0.90249,0.90273,1.00,1.00
2017.09.21 19:06:10.032,0.90242,0.90269,3.00,1.00
2017.09.21 19:06:10.082,0.90244,0.90269,1.00,1.00
2017.09.21 19:06:10.404,0.90242,0.90264,1.00,1.00
2017.09.21 19:06:10.546,0.90239,0.90264,1.00,1.00
2017.09.21 19:06:12.367,0.90239,0.9026,1.00,1.00
2017.09.21 19:06:12.909,0.90238,0.9026,1.00,1.00
2017.09.21 19:06:13.212,0.90244,0.90265,1.00,1.00
2017.09.21 19:06:13.518,0.90244,0.9027,1.00,1.00
2017.09.21 19:06:13.669,0.90246,0.90273,1.00,1.00
2017.09.21 19:06:13.720,0.90245,0.90269,1.00,1.00
2017.09.21 19:06:17.979,0.90244,0.90268,1.00,1.00
2017.09.21 19:06:22.051,0.90244,0.9027,1.00,1.00
2017.09.21 19:06:22.605,0.90245,0.90271,1.00,1.00
2017.09.21 19:06:22.745,0.90247,0.90272,1.00,1.00
2017.09.21 19:06:24.815,0.90247,0.90271,1.00,1.00
2017.09.21 19:06:25.444,0.90248,0.90272,1.00,1.00
2017.09.21 19:06:27.367,0.90246,0.90273,1.00,1.00
2017.09.21 19:06:28.157,0.90246,0.90272,1.00,1.00
2017.09.21 19:06:28.801,0.90247,0.90272,1.00,1.50
2017.09.21 19:06:29.449,0.90247,0.90274,1.00,1.00
2017.09.21 19:06:30.168,0.90246,0.90271,1.00,1.00
2017.09.21 19:06:30.680,0.90245,0.90271,1.50,1.00
2017.09.21 19:06:31.116,0.90249,0.90272,1.00,1.00
2017.09.21 19:06:31.714,0.90249,0.90273,1.00,1.00
2017.09.21 19:06:31.765,0.90247,0.90273,1.00,1.00
2017.09.21 19:06:38.859,0.90247,0.90272,1.00,1.00
2017.09.21 19:06:41.012,0.90247,0.90271,1.00,1.00
2017.09.21 19:06:42.392,0.90245,0.90271,1.00,1.00
2017.09.21 19:06:42.539,0.90245,0.90266,1.00,1.00
2017.09.21 19:06:42.592,0.90241,0.90266,1.00,1.50
2017.09.21 19:06:42.845,0.90243,0.90267,1.00,1.00
2017.09.21 19:06:42.946,0.90244,0.9027,1.00,1.00
2017.09.21 19:06:43.048,0.90246,0.90271,1.00,1.00
2017.09.21 19:06:43.743,0.90247,0.90271,1.00,1.00
2017.09.21 19:06:45.043,0.90246,0.9027,1.00,1.00
2017.09.21 19:06:45.145,0.90244,0.90269,1.00,1.00
2017.09.21 19:06:45.735,0.90245,0.90269,1.00,1.00
2017.09.21 19:06:46.775,0.90243,0.90269,1.50,1.00
2017.09.21 19:06:46.876,0.90242,0.90267,1.00,1.00
2017.09.21 19:06:48.896,0.90241,0.90267,1.50,1.00
2017.09.21 19:06:49.269,0.90241,0.90265,1.00,1.00
2017.09.21 19:06:49.472,0.90238,0.90265,1.00,1.00
2017.09.21 19:06:49.944,0.9024,0.90266,1.00,1.50
2017.09.21 19:06:50.406,0.90242,0.90266,1.00,1.00
2017.09.21 19:06:51.847,0.90239,0.90265,1.00,1.50
2017.09.21 19:06:54.652,0.90241,0.90265,1.00,2.25
2017.09.21 19:06:55.376,0.9024,0.90265,1.00,2.25
2017.09.21 19:06:55.692,0.90238,0.90263,1.00,1.00
2017.09.21 19:06:56.138,0.90238,0.90261,1.00,1.00
2017.09.21 19:06:57.795,0.90229,0.90253,1.00,1.00
2017.09.21 19:06:57.846,0.90227,0.90251,1.00,1.00
2017.09.21 19:06:58.259,0.9023,0.90253,1.00,1.00
2017.09.21 19:06:58.376,0.90227,0.90252,1.00,1.00
2017.09.21 19:06:58.578,0.90226,0.90249,1.00,1.00
2017.09.21 19:06:58.679,0.90227,0.90251,1.00,1.00
2017.09.21 19:06:59.176,0.90231,0.90254,1.00,1.00
2017.09.21 19:06:59.227,0.90231,0.90256,1.00,1.00
2017.09.21 19:06:59.893,0.90231,0.90257,1.00,1.00
2017.09.21 19:07:00.395,0.90232,0.90257,1.00,1.00
2017.09.21 19:07:01.795,0.90231,0.90254,1.00,1.00
2017.09.21 19:07:01.997,0.90228,0.90254,1.50,2.25
2017.09.21 19:07:02.311,0.90228,0.90251,1.00,1.00
2017.09.21 19:07:02.477,0.90226,0.9025,1.00,1.00
2017.09.21 19:07:04.019,0.90225,0.90248,1.00,1.00
2017.09.21 19:07:05.235,0.90224,0.90248,1.00,1.00
2017.09.21 19:07:05.774,0.90223,0.90248,1.00,1.00
2017.09.21 19:07:06.121,0.90221,0.90247,1.50,1.00
2017.09.21 19:07:06.223,0.90223,0.90247,1.00,1.00
2017.09.21 19:07:07.690,0.90223,0.90246,1.00,1.00
2017.09.21 19:07:08.223,0.90223,0.90247,1.00,1.00
2017.09.21 19:07:09.074,0.90223,0.90246,1.00,1.00
2017.09.21 19:07:09.627,0.90223,0.90245,1.00,1.00
2017.09.21 19:07:10.218,0.90222,0.90245,1.00,1.00
2017.09.21 19:07:10.319,0.90225,0.90251,1.00,1.12
2017.09.21 19:07:10.575,0.90226,0.90249,1.50,1.00
2017.09.21 19:07:13.379,0.90226,0.90252,1.00,1.00
2017.09.21 19:07:13.430,0.90228,0.90252,1.00,1.00
2017.09.21 19:07:15.375,0.90228,0.90251,1.00,1.00
2017.09.21 19:07:17.074,0.90227,0.9025,1.00,1.00
2017.09.21 19:07:18.694,0.90225,0.90248,1.00,1.00
2017.09.21 19:07:18.896,0.90223,0.90247,1.00,1.00
2017.09.21 19:07:19.709,0.90222,0.90247,1.00,1.00
2017.09.21 19:07:20.067,0.9022,0.90243,1.50,1.00
2017.09.21 19:07:21.131,0.90218,0.90241,1.50,1.00
2017.09.21 19:07:21.283,0.90218,0.90244,1.00,1.00
2017.09.21 19:07:21.435,0.9022,0.90242,1.00,1.00
2017.09.21 19:07:21.486,0.9022,0.90244,1.50,1.00
2017.09.21 19:07:23.908,0.9022,0.90245,1.00,1.00
2017.09.21 19:07:24.117,0.90221,0.90248,1.00,1.00
2017.09.21 19:07:24.588,0.90223,0.90248,1.00,1.00
2017.09.21 19:07:28.526,0.90221,0.90246,1.50,1.00
2017.09.21 19:07:28.576,0.90221,0.90248,1.50,1.00
2017.09.21 19:07:29.294,0.90221,0.90246,1.50,1.00
2017.09.21 19:07:29.654,0.9022,0.90244,1.00,1.00
2017.09.21 19:07:30.405,0.90219,0.90244,1.50,1.00
2017.09.21 19:07:31.843,0.90221,0.90247,1.00,1.50
2017.09.21 19:07:32.096,0.90219,0.90246,1.50,1.00
2017.09.21 19:07:32.644,0.90218,0.90245,1.50,1.00
2017.09.21 19:07:32.694,0.90218,0.90243,1.50,1.00
2017.09.21 19:07:38.625,0.9022,0.90245,1.00,1.00
2017.09.21 19:07:39.977,0.90221,0.90245,1.00,1.00
2017.09.21 19:07:51.214,0.9022,0.90242,1.00,1.00
2017.09.21 19:07:51.264,0.90218,0.90242,1.50,1.00
2017.09.21 19:07:53.999,0.90219,0.90243,1.00,2.25
2017.09.21 19:07:54.546,0.90219,0.90242,1.00,1.00
2017.09.21 19:07:55.428,0.90217,0.90242,1.00,1.00
2017.09.21 19:07:57.117,0.90215,0.90241,1.00,1.00
2017.09.21 19:07:57.637,0.90214,0.9024,1.00,1.50
2017.09.21 19:07:59.546,0.90214,0.90241,1.00,2.25
2017.09.21 19:07:59.963,0.90216,0.9024,1.00,1.00
2017.09.21 19:08:06.087,0.90215,0.90239,1.00,1.00
2017.09.21 19:08:10.526,0.90216,0.9024,1.00,1.00
2017.09.21 19:08:14.994,0.90215,0.90239,1.00,1.00
2017.09.21 19:08:26.973,0.90214,0.90238,1.00,1.00
2017.09.21 19:08:27.024,0.90212,0.90239,1.00,1.00
2017.09.21 19:08:28.814,0.90213,0.90239,1.00,1.00
2017.09.21 19:08:28.865,0.90215,0.90239,1.00,1.00
2017.09.21 19:08:31.248,0.90215,0.90241,1.00,1.00
2017.09.21 19:08:36.222,0.90217,0.90241,1.00,1.00
2017.09.21 19:08:45.554,0.90216,0.9024,1.00,1.00
2017.09.21 19:08:55.115,0.90216,0.90242,1.00,1.00
2017.09.21 19:09:00.584,0.90216,0.90241,1.00,1.00
2017.09.21 19:09:03.442,0.90214,0.90238,1.00,1.00
2017.09.21 19:09:04.226,0.90213,0.90237,1.00,1.00
2017.09.21 19:09:06.324,0.90214,0.90238,1.00,1.00
2017.09.21 19:09:06.527,0.90215,0.90241,1.00,1.00
2017.09.21 19:09:09.731,0.90214,0.9024,1.00,1.00
2017.09.21 19:09:10.144,0.90214,0.90238,1.00,1.00
2017.09.21 19:09:10.894,0.90214,0.90239,1.00,1.00
2017.09.21 19:09:20.556,0.90214,0.90238,1.00,1.00
2017.09.21 19:09:25.245,0.90213,0.90238,1.00,1.00
2017.09.21 19:09:31.215,0.90215,0.90238,1.00,1.00
2017.09.21 19:09:31.620,0.90215,0.9024,1.00,1.00
2017.09.21 19:09:31.722,0.90217,0.9024,1.00,1.00
2017.09.21 19:09:32.261,0.90216,0.90239,1.00,1.00
2017.09.21 19:09:32.781,0.90214,0.90237,1.00,1.00
2017.09.21 19:09:33.184,0.90212,0.90235,1.00,1.00
2017.09.21 19:09:36.307,0.90212,0.90237,1.00,1.00
2017.09.21 19:09:38.533,0.90214,0.90237,1.00,1.00
2017.09.21 19:09:40.251,0.90215,0.90238,1.00,1.00
2017.09.21 19:09:40.756,0.90214,0.90237,1.00,1.00
2017.09.21 19:09:41.031,0.90212,0.90237,1.00,1.00
2017.09.21 19:09:42.071,0.90214,0.90237,1.00,1.00
2017.09.21 19:09:51.806,0.90213,0.90236,1.00,1.00
2017.09.21 19:09:52.433,0.90214,0.90237,1.00,1.00
2017.09.21 19:10:11.986,0.90214,0.90239,1.00,1.00
2017.09.21 19:10:15.732,0.90216,0.90239,1.00,1.00
2017.09.21 19:10:17.687,0.90213,0.90237,1.00,1.00
2017.09.21 19:10:21.894,0.90217,0.9024,1.00,1.00
2017.09.21 19:10:21.944,0.90215,0.9024,1.00,1.00
2017.09.21 19:10:21.995,0.90213,0.90235,1.00,1.00
2017.09.21 19:10:22.097,0.90208,0.90232,1.00,1.00
2017.09.21 19:10:22.198,0.90205,0.90231,1.00,1.00
2017.09.21 19:10:22.299,0.90205,0.90229,1.00,1.00
2017.09.21 19:10:25.292,0.90205,0.90228,1.00,1.00
2017.09.21 19:10:25.793,0.90204,0.90227,1.00,1.00
2017.09.21 19:10:38.995,0.90197,0.90222,1.00,1.00
2017.09.21 19:10:39.046,0.90196,0.90219,2.25,1.00
2017.09.21 19:10:39.147,0.90192,0.90217,1.00,1.00
2017.09.21 19:10:39.324,0.90191,0.90214,1.00,1.00
2017.09.21 19:10:39.375,0.90191,0.90216,1.00,1.00
2017.09.21 19:10:39.679,0.90189,0.90214,1.50,1.00
2017.09.21 19:10:40.322,0.9019,0.90214,1.00,1.00
2017.09.21 19:10:40.873,0.9019,0.90213,1.00,1.00
2017.09.21 19:10:41.666,0.90189,0.90212,1.00,1.00
2017.09.21 19:10:42.560,0.90189,0.90211,1.00,1.00
2017.09.21 19:10:42.611,0.90187,0.90211,1.00,1.00
2017.09.21 19:10:43.125,0.90186,0.90211,1.00,1.00
2017.09.21 19:10:45.068,0.90185,0.90211,1.00,1.00
2017.09.21 19:10:48.842,0.90185,0.90209,1.00,1.00
2017.09.21 19:10:48.893,0.90183,0.90209,1.00,1.00
2017.09.21 19:10:49.484,0.90182,0.90208,1.00,1.00
2017.09.21 19:10:50.873,0.90183,0.90206,1.00,1.00
2017.09.21 19:10:51.238,0.90181,0.90204,1.00,1.00
2017.09.21 19:10:51.695,0.9018,0.90206,1.00,1.00
2017.09.21 19:10:51.746,0.90183,0.90207,1.00,1.00
2017.09.21 19:10:52.093,0.90192,0.90216,1.00,1.00
2017.09.21 19:10:52.597,0.90193,0.90217,1.00,1.00
2017.09.21 19:10:53.100,0.90192,0.90216,1.00,1.00
2017.09.21 19:10:54.575,0.90193,0.90217,1.00,1.00
2017.09.21 19:10:55.243,0.90194,0.90217,1.00,1.00
2017.09.21 19:10:55.854,0.90194,0.90219,1.00,1.00
2017.09.21 19:10:56.564,0.90194,0.9022,1.00,1.00
2017.09.21 19:10:56.635,0.90196,0.90219,1.00,1.00
2017.09.21 19:11:00.338,0.90197,0.9022,1.00,1.00
2017.09.21 19:11:06.279,0.90195,0.9022,1.00,1.00
2017.09.21 19:11:06.531,0.90193,0.90217,1.50,1.00
2017.09.21 19:11:06.733,0.90191,0.90217,1.00,1.00
2017.09.21 19:11:10.382,0.90191,0.90216,1.00,1.00
2017.09.21 19:11:14.396,0.90191,0.90215,1.00,1.00
2017.09.21 19:11:15.225,0.90192,0.90216,1.00,1.00
2017.09.21 19:11:18.224,0.9019,0.90215,1.00,1.00
2017.09.21 19:11:23.230,0.9019,0.90213,1.00,1.00
2017.09.21 19:11:24.235,0.90189,0.90213,1.00,1.00
2017.09.21 19:11:24.571,0.90191,0.90214,1.00,1.00
2017.09.21 19:11:25.335,0.90192,0.90215,1.00,1.00
2017.09.21 19:11:28.340,0.9019,0.90215,1.00,1.00
2017.09.21 19:11:29.210,0.90188,0.90214,1.00,1.00
2017.09.21 19:11:29.462,0.90188,0.90212,1.00,1.00
2017.09.21 19:11:30.428,0.90188,0.90211,1.00,1.00
2017.09.21 19:11:30.951,0.90189,0.90212,1.00,1.00
2017.09.21 19:11:31.052,0.90183,0.90209,1.50,1.00
2017.09.21 19:11:31.103,0.90182,0.90207,1.00,1.00
2017.09.21 19:11:31.414,0.9018,0.90205,1.50,1.00
2017.09.21 19:11:33.211,0.9018,0.90205,1.00,1.50
2017.09.21 19:11:35.120,0.9018,0.90203,1.00,1.00
2017.09.21 19:11:36.014,0.90179,0.90203,1.00,1.00
2017.09.21 19:11:36.065,0.90176,0.90202,1.00,1.00
2017.09.21 19:11:36.166,0.90176,0.902,1.00,1.00
2017.09.21 19:11:36.972,0.90176,0.90199,1.00,1.00
2017.09.21 19:11:38.215,0.90176,0.902,1.00,1.00
2017.09.21 19:11:39.725,0.90174,0.902,1.00,1.00
2017.09.21 19:11:39.826,0.90173,0.90197,1.00,1.00
2017.09.21 19:11:40.606,0.90172,0.90196,1.00,1.50
2017.09.21 19:11:45.592,0.90175,0.902,1.00,1.00
2017.09.21 19:11:46.400,0.90174,0.90199,1.00,1.00
2017.09.21 19:11:48.421,0.90178,0.90202,1.00,1.00
2017.09.21 19:11:52.544,0.90177,0.902,1.00,1.00
2017.09.21 19:11:52.594,0.90173,0.90201,1.00,1.00
2017.09.21 19:11:53.117,0.90173,0.902,1.00,1.50
2017.09.21 19:11:53.702,0.90172,0.90198,1.00,1.00
2017.09.21 19:11:56.022,0.90173,0.90199,1.00,1.12
2017.09.21 19:12:00.620,0.90172,0.90197,1.00,1.00
2017.09.21 19:12:01.581,0.90174,0.90198,1.00,1.00
2017.09.21 19:12:04.974,0.90172,0.90196,1.00,1.00
2017.09.21 19:12:07.062,0.90173,0.90198,1.00,1.12
2017.09.21 19:12:07.621,0.90173,0.90197,1.00,1.00
2017.09.21 19:12:10.552,0.90174,0.90197,1.00,1.00
2017.09.21 19:12:11.101,0.90171,0.90194,1.00,1.00
2017.09.21 19:12:11.913,0.9017,0.90194,1.00,1.00
2017.09.21 19:12:15.520,0.90169,0.90194,1.00,1.00
2017.09.21 19:12:16.204,0.90169,0.90193,1.00,1.00
2017.09.21 19:12:18.103,0.9017,0.90195,1.00,1.00
2017.09.21 19:12:21.162,0.90169,0.90193,1.00,1.00
2017.09.21 19:12:21.470,0.90171,0.90195,1.00,1.00
2017.09.21 19:12:26.080,0.90167,0.90191,1.50,1.00
2017.09.21 19:12:26.232,0.90167,0.90194,1.00,1.50
2017.09.21 19:12:26.576,0.90168,0.90195,1.00,1.00
2017.09.21 19:12:28.864,0.90168,0.90193,1.00,1.00
2017.09.21 19:12:30.501,0.90168,0.90194,1.00,1.00
2017.09.21 19:12:30.996,0.9017,0.90194,1.00,1.00
2017.09.21 19:12:31.046,0.9017,0.90197,1.00,1.00
2017.09.21 19:12:33.382,0.9017,0.90195,1.00,1.00
2017.09.21 19:12:35.324,0.90171,0.90196,1.00,1.00
2017.09.21 19:12:37.141,0.90169,0.90196,1.00,1.00
2017.09.21 19:12:41.064,0.9017,0.90195,1.00,1.00
2017.09.21 19:12:41.842,0.9017,0.90196,1.00,1.00
2017.09.21 19:12:42.503,0.90172,0.90195,1.00,1.00
2017.09.21 19:12:43.493,0.90171,0.90197,1.00,1.00
2017.09.21 19:12:49.139,0.90172,0.90198,1.00,1.00
2017.09.21 19:12:52.655,0.90179,0.90202,1.00,1.00
2017.09.21 19:12:52.706,0.90179,0.90204,1.00,1.00
2017.09.21 19:12:52.757,0.9018,0.90206,1.50,1.50
2017.09.21 19:12:52.858,0.9018,0.90203,1.00,1.00
2017.09.21 19:12:53.133,0.90179,0.90205,1.00,1.00
2017.09.21 19:12:54.360,0.9018,0.90205,1.00,1.00
2017.09.21 19:12:55.058,0.90181,0.90205,1.50,1.00
2017.09.21 19:12:55.642,0.90182,0.90205,1.00,1.00
2017.09.21 19:12:56.098,0.90182,0.90207,1.00,1.00
2017.09.21 19:13:03.256,0.90183,0.90207,1.00,1.00
2017.09.21 19:13:04.502,0.90183,0.90209,1.00,1.00
2017.09.21 19:13:05.156,0.90184,0.90209,1.00,1.00
2017.09.21 19:13:09.464,0.90183,0.90206,1.00,1.00
2017.09.21 19:13:10.623,0.90182,0.90207,1.00,1.00
2017.09.21 19:13:11.124,0.90182,0.90206,1.00,1.00
2017.09.21 19:13:12.238,0.9018,0.90205,1.50,1.00
2017.09.21 19:13:12.390,0.9018,0.90203,1.00,1.00
2017.09.21 19:13:13.178,0.90182,0.90205,1.00,1.00
2017.09.21 19:13:15.233,0.9018,0.90206,1.00,1.00
2017.09.21 19:13:15.334,0.90179,0.90203,1.00,1.00
2017.09.21 19:13:15.586,0.90176,0.90202,1.00,1.00
2017.09.21 19:13:16.123,0.90177,0.90202,1.00,1.00
2017.09.21 19:13:16.689,0.90177,0.90204,1.00,1.00
2017.09.21 19:13:17.206,0.90178,0.90204,1.50,2.25
2017.09.21 19:13:18.433,0.90177,0.90203,1.00,1.00
2017.09.21 19:13:21.918,0.90176,0.90202,1.00,1.00
2017.09.21 19:13:22.019,0.90175,0.90198,1.00,1.00
2017.09.21 19:13:22.070,0.90172,0.90196,1.00,1.00
2017.09.21 19:13:23.138,0.90173,0.90197,1.00,2.25
2017.09.21 19:13:23.740,0.90172,0.90196,1.00,1.00
2017.09.21 19:13:25.527,0.90172,0.90198,1.00,1.00
2017.09.21 19:13:25.652,0.90174,0.90198,1.00,1.00
2017.09.21 19:13:26.137,0.90176,0.902,1.00,2.25
2017.09.21 19:13:26.517,0.90174,0.90199,1.50,1.00
2017.09.21 19:13:27.056,0.90175,0.902,1.00,2.25
2017.09.21 19:13:28.306,0.90174,0.90199,1.00,1.00
2017.09.21 19:13:29.136,0.90174,0.90198,1.00,1.00
2017.09.21 19:13:29.795,0.90173,0.90197,1.00,1.00
2017.09.21 19:13:30.455,0.90172,0.90196,1.00,1.00
2017.09.21 19:13:38.135,0.90173,0.90199,1.00,1.00
2017.09.21 19:13:44.635,0.90176,0.90199,1.00,1.00
2017.09.21 19:13:44.736,0.90174,0.90199,1.50,1.00
2017.09.21 19:13:45.039,0.90176,0.90201,1.00,1.00
2017.09.21 19:13:46.202,0.90176,0.90202,1.50,1.00
2017.09.21 19:13:48.941,0.90177,0.90203,1.50,1.00
2017.09.21 19:13:53.022,0.90179,0.90202,1.00,1.00
2017.09.21 19:13:55.344,0.90178,0.90204,1.00,1.00
2017.09.21 19:13:56.213,0.90179,0.90202,1.00,1.00
2017.09.21 19:14:06.986,0.90181,0.90204,1.00,1.00
2017.09.21 19:14:08.241,0.90181,0.90208,1.00,1.00
2017.09.21 19:14:09.019,0.90182,0.90208,1.00,1.00
2017.09.21 19:14:11.292,0.90182,0.90207,1.50,1.00
2017.09.21 19:14:12.070,0.90188,0.90211,1.00,1.00
2017.09.21 19:14:12.171,0.90185,0.9021,1.00,1.00
2017.09.21 19:14:12.272,0.90183,0.90209,1.00,1.00
2017.09.21 19:14:12.951,0.90186,0.90211,1.00,1.00
2017.09.21 19:14:16.212,0.90187,0.90211,1.00,1.00
2017.09.21 19:14:23.497,0.90188,0.90212,1.00,1.00
2017.09.21 19:14:25.822,0.90187,0.90212,1.00,1.00
2017.09.21 19:14:26.067,0.90184,0.9021,1.00,1.00
2017.09.21 19:14:26.169,0.90184,0.90208,1.00,1.00
2017.09.21 19:14:26.219,0.90182,0.90207,1.00,1.00
2017.09.21 19:14:30.291,0.90181,0.90207,1.00,1.00
2017.09.21 19:14:42.286,0.90183,0.90207,1.00,1.00
2017.09.21 19:14:44.582,0.90181,0.90206,1.00,1.00
2017.09.21 19:14:46.312,0.90181,0.90207,1.00,1.00
2017.09.21 19:15:00.801,0.90182,0.90207,1.00,1.00
2017.09.21 19:15:04.976,0.90184,0.90208,1.00,1.00
2017.09.21 19:15:07.450,0.90184,0.9021,1.00,1.00
2017.09.21 19:15:07.500,0.90185,0.90208,1.00,1.00
2017.09.21 19:15:10.784,0.90186,0.90209,1.00,1.00
2017.09.21 19:15:15.393,0.90184,0.90209,1.00,1.00
2017.09.21 19:15:15.942,0.90184,0.90208,1.00,1.00
2017.09.21 19:15:16.121,0.90182,0.90208,1.50,1.00
2017.09.21 19:15:16.301,0.90183,0.90206,1.00,1.00
2017.09.21 19:15:16.440,0.90184,0.90209,1.00,1.00
2017.09.21 19:15:26.026,0.90183,0.90207,1.00,1.00
2017.09.21 19:15:26.264,0.90184,0.9021,1.00,1.00
2017.09.21 19:15:26.916,0.90184,0.90207,1.50,1.00
2017.09.21 19:15:28.271,0.90184,0.9021,1.00,1.00
2017.09.21 19:15:31.361,0.90185,0.9021,1.00,1.00
2017.09.21 19:15:32.195,0.90192,0.90212,1.00,1.00
2017.09.21 19:15:32.245,0.90188,0.90212,1.00,1.00
2017.09.21 19:15:32.774,0.90188,0.90211,1.00,1.00
2017.09.21 19:15:36.144,0.90188,0.9021,1.00,1.00
2017.09.21 19:15:36.656,0.90187,0.9021,1.00,1.00
2017.09.21 19:15:37.221,0.90186,0.9021,1.00,1.00
2017.09.21 19:15:37.272,0.90184,0.9021,1.50,1.00
2017.09.21 19:15:37.904,0.90183,0.9021,1.00,1.00
2017.09.21 19:15:40.250,0.9018,0.90206,1.50,1.00
2017.09.21 19:15:40.967,0.9018,0.90205,1.50,1.00
2017.09.21 19:15:41.473,0.90181,0.90205,1.00,1.00
2017.09.21 19:15:43.328,0.9018,0.90205,1.50,1.00
2017.09.21 19:15:44.192,0.9018,0.90203,1.50,1.00
2017.09.21 19:15:51.549,0.90176,0.902,1.00,1.00
2017.09.21 19:15:51.741,0.90173,0.90197,1.50,1.00
2017.09.21 19:15:54.441,0.90174,0.90197,1.00,1.00
2017.09.21 19:15:55.058,0.90174,0.90198,1.00,1.00
2017.09.21 19:15:55.718,0.90172,0.90197,1.00,1.00
2017.09.21 19:15:56.452,0.90171,0.90198,1.00,1.00
2017.09.21 19:15:58.104,0.9017,0.90198,1.00,1.00
2017.09.21 19:15:58.211,0.9017,0.90195,1.50,1.00
2017.09.21 19:15:58.768,0.90171,0.90195,1.00,1.00
2017.09.21 19:16:03.154,0.90172,0.90196,1.00,1.00
2017.09.21 19:16:03.914,0.90173,0.90197,1.00,1.00
2017.09.21 19:16:04.575,0.90174,0.90198,1.00,1.00
2017.09.21 19:16:11.482,0.90173,0.902,1.50,1.00
2017.09.21 19:16:13.542,0.90173,0.90198,1.50,1.00
2017.09.21 19:16:15.950,0.90174,0.90198,1.00,1.00
2017.09.21 19:16:20.605,0.90181,0.90204,1.00,2.25
2017.09.21 19:16:20.908,0.90183,0.90206,1.50,1.00
2017.09.21 19:16:25.063,0.90183,0.90209,1.50,1.00
2017.09.21 19:16:25.164,0.90185,0.90209,1.00,1.00
2017.09.21 19:16:26.234,0.90186,0.9021,1.00,1.00
2017.09.21 19:16:27.235,0.90186,0.90212,1.00,1.00
2017.09.21 19:16:32.637,0.90184,0.90211,1.00,1.00
2017.09.21 19:16:33.108,0.90184,0.90209,1.00,1.00
2017.09.21 19:16:33.937,0.90183,0.90208,1.00,1.00
2017.09.21 19:16:41.041,0.90183,0.90207,1.00,1.00
2017.09.21 19:16:46.060,0.90181,0.90208,1.50,1.00
2017.09.21 19:16:46.781,0.90182,0.90208,1.00,1.00
2017.09.21 19:17:01.541,0.90182,0.90206,1.00,1.00
2017.09.21 19:17:15.601,0.9018,0.90205,1.00,1.00
2017.09.21 19:17:21.252,0.90178,0.90204,1.00,1.00
2017.09.21 19:17:23.718,0.90179,0.90205,1.00,1.00
2017.09.21 19:17:26.183,0.90177,0.90203,2.25,1.00
2017.09.21 19:17:26.554,0.90177,0.90201,1.50,1.00
2017.09.21 19:17:27.250,0.90177,0.90202,1.50,1.00
2017.09.21 19:17:28.057,0.90177,0.90202,1.00,1.00
2017.09.21 19:17:31.518,0.90177,0.902,1.00,1.00
2017.09.21 19:17:31.619,0.90175,0.90201,1.00,1.00
2017.09.21 19:17:31.721,0.90177,0.90201,1.00,1.00
2017.09.21 19:17:32.234,0.90178,0.90201,1.00,1.00
2017.09.21 19:17:38.853,0.90176,0.90202,1.00,1.00
2017.09.21 19:17:38.904,0.90176,0.902,1.00,1.00
2017.09.21 19:17:39.005,0.90176,0.90202,1.00,1.00
2017.09.21 19:17:39.890,0.90175,0.90199,1.00,1.00
2017.09.21 19:17:40.241,0.90175,0.90201,1.00,1.00
2017.09.21 19:17:40.542,0.90174,0.90199,1.00,1.00
2017.09.21 19:17:41.269,0.90175,0.90198,1.00,1.00
2017.09.21 19:17:44.606,0.90173,0.90198,1.00,1.00
2017.09.21 19:17:45.418,0.90174,0.90199,1.00,1.00
2017.09.21 19:17:46.101,0.90173,0.90198,1.50,1.00
2017.09.21 19:17:46.637,0.90172,0.90197,1.00,1.00
2017.09.21 19:17:46.688,0.90173,0.90199,1.00,1.00
2017.09.21 19:17:48.781,0.90173,0.90197,1.00,1.00
2017.09.21 19:17:48.932,0.90169,0.90194,1.50,1.00
2017.09.21 19:17:49.033,0.9017,0.90196,1.00,1.00
2017.09.21 19:17:49.134,0.90172,0.90196,1.00,1.00
2017.09.21 19:17:51.606,0.90171,0.90195,1.00,1.00
2017.09.21 19:17:51.862,0.90176,0.90201,1.00,1.00
2017.09.21 19:17:52.065,0.90174,0.902,1.00,1.00
2017.09.21 19:17:52.584,0.90175,0.902,1.00,1.00
2017.09.21 19:17:53.243,0.90176,0.90201,1.00,1.00
2017.09.21 19:17:53.479,0.90174,0.90198,1.00,1.00
2017.09.21 19:17:53.781,0.90172,0.90196,1.00,1.00
2017.09.21 19:17:54.368,0.90172,0.90195,1.00,1.00
2017.09.21 19:17:56.191,0.90172,0.90196,1.00,1.00
2017.09.21 19:17:57.050,0.90172,0.90195,1.00,1.00
2017.09.21 19:17:57.563,0.90171,0.90194,1.00,1.00
2017.09.21 19:17:58.224,0.90172,0.90195,1.00,1.00
2017.09.21 19:18:00.744,0.90169,0.90195,1.50,1.00
2017.09.21 19:18:01.261,0.90169,0.90194,1.00,1.00
2017.09.21 19:18:02.004,0.90169,0.90195,1.00,1.00
2017.09.21 19:18:03.015,0.90169,0.90192,1.00,1.00
2017.09.21 19:18:03.116,0.90167,0.90192,1.50,1.00
2017.09.21 19:18:04.561,0.90167,0.90191,1.00,1.00
2017.09.21 19:18:06.440,0.90166,0.90191,1.00,1.00
2017.09.21 19:18:07.040,0.90167,0.90192,1.00,1.00
2017.09.21 19:18:08.326,0.90168,0.90194,1.00,1.00
2017.09.21 19:18:09.158,0.90168,0.90191,1.00,1.00
2017.09.21 19:18:11.233,0.90166,0.90191,1.00,1.00
2017.09.21 19:18:17.591,0.90165,0.90191,1.50,1.00
2017.09.21 19:18:26.752,0.90167,0.90191,1.00,1.00
2017.09.21 19:18:27.725,0.9017,0.90194,1.00,1.00
2017.09.21 19:18:31.722,0.9017,0.90193,1.00,1.00
2017.09.21 19:18:33.262,0.90171,0.90194,1.00,1.00
2017.09.21 19:18:41.782,0.9017,0.90194,1.00,1.00
2017.09.21 19:18:44.215,0.9017,0.90196,1.00,1.00
2017.09.21 19:18:44.268,0.90173,0.90199,1.00,1.00
2017.09.21 19:18:44.573,0.90175,0.90201,1.00,1.00
2017.09.21 19:18:47.916,0.90174,0.902,1.00,1.00
2017.09.21 19:18:48.298,0.90171,0.90195,1.00,1.00
2017.09.21 19:18:49.599,0.90171,0.90197,1.00,1.00
2017.09.21 19:18:49.733,0.90171,0.90195,1.00,1.00
2017.09.21 19:18:50.035,0.90168,0.90191,1.00,1.50
2017.09.21 19:18:50.086,0.90166,0.90191,1.00,1.50
2017.09.21 19:18:50.187,0.90165,0.90188,1.00,1.00
2017.09.21 19:18:50.238,0.90163,0.90188,1.00,1.50
2017.09.21 19:18:50.806,0.90165,0.90188,1.00,1.00
2017.09.21 19:18:51.650,0.90165,0.90189,1.00,1.00
2017.09.21 19:18:54.593,0.90165,0.90188,1.00,1.00
2017.09.21 19:18:56.311,0.90164,0.90188,1.00,1.50
2017.09.21 19:19:03.159,0.90165,0.90189,1.00,1.00
2017.09.21 19:19:03.633,0.90163,0.90189,1.00,1.00
2017.09.21 19:19:07.845,0.90164,0.9019,1.00,1.50
2017.09.21 19:19:08.362,0.90163,0.90189,1.00,1.00
2017.09.21 19:19:10.812,0.90165,0.90189,1.00,1.00
2017.09.21 19:19:11.341,0.90163,0.90189,1.00,1.00
2017.09.21 19:19:14.706,0.90169,0.9019,1.00,1.00
2017.09.21 19:19:14.808,0.90164,0.9019,1.00,1.00
2017.09.21 19:19:14.859,0.90164,0.90192,1.00,1.00
2017.09.21 19:19:14.909,0.90166,0.90189,1.00,1.00
2017.09.21 19:19:15.686,0.90164,0.90189,1.00,1.00
2017.09.21 19:19:16.811,0.90165,0.90188,1.00,1.00
2017.09.21 19:19:18.665,0.90162,0.90188,1.00,1.00
2017.09.21 19:19:19.474,0.90163,0.90187,1.00,1.00
2017.09.21 19:19:20.136,0.90162,0.90187,1.00,1.00
2017.09.21 19:19:26.371,0.90162,0.90188,1.00,1.00
2017.09.21 19:19:26.523,0.90163,0.9019,1.00,2.25
2017.09.21 19:19:26.872,0.90164,0.90188,1.00,1.00
2017.09.21 19:19:28.088,0.90162,0.90189,1.00,1.00
2017.09.21 19:19:28.189,0.90163,0.90186,1.00,1.00
2017.09.21 19:19:29.816,0.90163,0.90188,1.00,1.00
2017.09.21 19:19:31.390,0.90162,0.90188,1.00,1.00
2017.09.21 19:19:32.070,0.90162,0.90187,1.00,1.00
2017.09.21 19:19:35.616,0.90163,0.90188,1.00,1.12
2017.09.21 19:19:36.364,0.90164,0.90189,1.00,1.00
2017.09.21 19:19:38.932,0.90163,0.90188,1.00,1.00
2017.09.21 19:19:39.185,0.90163,0.90186,1.00,1.00
2017.09.21 19:19:41.449,0.90162,0.90188,1.00,1.75
2017.09.21 19:19:41.953,0.90163,0.90188,1.00,1.75
2017.09.21 19:19:43.058,0.90163,0.90188,1.00,1.00
2017.09.21 19:19:46.792,0.90163,0.90189,1.00,1.87
2017.09.21 19:19:47.433,0.90163,0.90187,1.00,1.00
2017.09.21 19:19:48.264,0.90164,0.90189,1.00,1.87
2017.09.21 19:19:49.219,0.90165,0.90189,1.00,1.12
2017.09.21 19:19:49.880,0.90164,0.90189,1.00,1.12
2017.09.21 19:19:49.931,0.90161,0.90188,1.00,1.00
2017.09.21 19:19:51.660,0.90163,0.90189,1.00,1.12
2017.09.21 19:19:51.968,0.90165,0.90189,1.00,1.12
2017.09.21 19:19:52.774,0.90164,0.90189,1.00,1.50
2017.09.21 19:19:54.416,0.90163,0.90188,1.00,1.50
2017.09.21 19:19:54.936,0.90162,0.90187,1.00,1.37
2017.09.21 19:19:55.562,0.90162,0.90185,1.00,1.00
2017.09.21 19:19:56.451,0.90162,0.90186,1.00,1.12
2017.09.21 19:19:59.243,0.90162,0.90188,1.00,1.00
2017.09.21 19:20:01.566,0.90164,0.90188,1.00,1.00
2017.09.21 19:20:02.245,0.90164,0.90189,1.00,1.00
2017.09.21 19:20:06.554,0.90164,0.90188,1.00,1.00
2017.09.21 19:20:07.071,0.90165,0.90188,1.00,1.00
2017.09.21 19:20:07.956,0.90165,0.90191,1.00,1.00
2017.09.21 19:20:08.033,0.90165,0.90188,1.00,1.00
2017.09.21 19:20:08.722,0.90164,0.90188,1.00,1.00
2017.09.21 19:20:11.460,0.90165,0.90188,1.00,1.00
2017.09.21 19:20:11.961,0.90164,0.90191,1.00,1.75
2017.09.21 19:20:14.691,0.90164,0.90191,1.00,1.00
2017.09.21 19:20:14.741,0.90163,0.90188,1.00,1.00
2017.09.21 19:20:14.843,0.90161,0.90188,1.00,1.00
2017.09.21 19:20:14.893,0.9016,0.90186,1.00,1.00
2017.09.21 19:20:15.356,0.90162,0.90188,1.00,1.00
2017.09.21 19:20:16.562,0.90163,0.90189,1.00,1.00
2017.09.21 19:20:16.865,0.90167,0.90192,1.00,1.00
2017.09.21 19:20:17.415,0.90166,0.90193,1.00,1.12
2017.09.21 19:20:17.805,0.90167,0.9019,1.00,1.00
2017.09.21 19:20:20.460,0.90164,0.9019,1.00,1.00
2017.09.21 19:20:20.561,0.90165,0.90188,1.00,1.00
2017.09.21 19:20:21.102,0.90166,0.90189,1.00,1.00
2017.09.21 19:20:21.656,0.90167,0.9019,1.00,1.12
2017.09.21 19:20:23.560,0.90167,0.90191,1.00,1.00
2017.09.21 19:20:23.611,0.90168,0.90193,1.00,1.00
2017.09.21 19:20:26.991,0.90168,0.90192,1.00,1.00
2017.09.21 19:20:33.954,0.90167,0.90191,1.00,1.00
2017.09.21 19:20:35.011,0.90166,0.9019,1.00,1.00
2017.09.21 19:20:37.599,0.90167,0.9019,1.00,1.00
2017.09.21 19:20:42.021,0.90166,0.9019,1.00,1.00
2017.09.21 19:20:43.431,0.90167,0.9019,1.00,1.00
2017.09.21 19:20:44.146,0.90166,0.90192,1.00,1.00
2017.09.21 19:20:47.094,0.90168,0.90191,1.00,1.00
2017.09.21 19:20:48.355,0.90168,0.90192,1.00,1.00
2017.09.21 19:20:49.714,0.90166,0.9019,1.00,1.00
2017.09.21 19:20:49.916,0.90162,0.90187,1.00,1.00
2017.09.21 19:20:49.967,0.9016,0.90184,1.00,1.00
2017.09.21 19:20:50.884,0.90158,0.90184,1.00,1.00
2017.09.21 19:20:54.909,0.90156,0.90181,1.00,1.00
2017.09.21 19:20:55.240,0.90155,0.90179,1.00,1.00
2017.09.21 19:20:56.560,0.90156,0.90179,1.00,1.00
2017.09.21 19:21:02.043,0.90155,0.90181,1.00,1.00
2017.09.21 19:21:02.548,0.90156,0.90182,1.00,1.00
2017.09.21 19:21:02.905,0.90158,0.90182,1.00,1.00
2017.09.21 19:21:04.912,0.90157,0.9018,1.00,1.00
2017.09.21 19:21:05.034,0.90157,0.90182,1.00,1.00
2017.09.21 19:21:05.849,0.90158,0.90183,1.00,1.00
2017.09.21 19:21:06.537,0.90159,0.90184,1.00,1.00
2017.09.21 19:21:07.111,0.9016,0.90184,1.00,1.00
2017.09.21 19:21:08.049,0.90158,0.90183,1.00,1.00
2017.09.21 19:21:08.541,0.9016,0.90184,1.00,1.00
2017.09.21 19:21:09.201,0.90161,0.90186,1.00,1.00
2017.09.21 19:21:09.315,0.90158,0.90184,1.00,1.00
2017.09.21 19:21:09.864,0.90159,0.90183,1.00,1.00
2017.09.21 19:21:10.091,0.90159,0.90185,1.00,1.00
2017.09.21 19:21:10.142,0.90157,0.9018,1.00,1.00
2017.09.21 19:21:10.193,0.90155,0.90179,1.00,1.00
2017.09.21 19:21:12.235,0.90153,0.90179,1.00,1.00
2017.09.21 19:21:12.905,0.90155,0.9018,1.00,1.00
2017.09.21 19:21:13.226,0.90156,0.90182,1.00,1.00
2017.09.21 19:21:18.138,0.90157,0.90183,1.00,1.00
2017.09.21 19:21:19.897,0.90157,0.90181,1.00,1.00
2017.09.21 19:21:26.454,0.90157,0.9018,1.00,1.00
2017.09.21 19:21:27.111,0.90156,0.90183,1.00,1.00
2017.09.21 19:21:28.296,0.9016,0.90185,1.00,1.50
2017.09.21 19:21:28.805,0.90167,0.9019,1.00,1.00
2017.09.21 19:21:35.955,0.90168,0.90191,1.00,1.00
2017.09.21 19:21:40.315,0.90168,0.90194,1.00,1.00
2017.09.21 19:21:42.141,0.90167,0.90193,1.00,1.00
2017.09.21 19:21:44.301,0.90167,0.90191,1.00,1.00
2017.09.21 19:21:47.110,0.90167,0.9019,1.00,1.00
2017.09.21 19:21:57.219,0.90167,0.90191,1.00,1.00
2017.09.21 19:22:01.639,0.90167,0.9019,1.00,1.00
2017.09.21 19:22:06.600,0.90161,0.90185,1.00,1.00
2017.09.21 19:22:06.651,0.90159,0.90184,1.00,1.00
2017.09.21 19:22:06.702,0.90157,0.90183,1.12,1.00
2017.09.21 19:22:06.753,0.90158,0.90181,1.00,1.00
2017.09.21 19:22:11.700,0.90157,0.90183,1.00,1.00
2017.09.21 19:22:12.201,0.90158,0.90181,1.00,1.00
2017.09.21 19:22:16.543,0.90156,0.90181,1.00,1.00
2017.09.21 19:22:17.170,0.90158,0.90181,1.00,1.00
2017.09.21 19:22:17.950,0.90155,0.90181,1.00,1.00
2017.09.21 19:22:32.246,0.90156,0.90179,1.00,1.00
2017.09.21 19:22:56.790,0.90156,0.9018,1.00,1.00
2017.09.21 19:22:59.872,0.90155,0.90179,1.00,1.00
2017.09.21 19:23:00.024,0.90153,0.90178,1.00,1.00
2017.09.21 19:23:00.237,0.90154,0.9018,1.00,1.00
2017.09.21 19:23:00.520,0.90152,0.90175,1.00,1.00
2017.09.21 19:23:00.571,0.90148,0.90173,1.00,1.00
2017.09.21 19:23:00.672,0.90145,0.90172,1.00,1.00
2017.09.21 19:23:02.309,0.90148,0.90172,1.00,1.00
2017.09.21 19:23:09.147,0.90146,0.90171,1.00,1.00
2017.09.21 19:23:09.380,0.90148,0.90172,1.00,1.00
2017.09.21 19:23:10.800,0.90147,0.90171,1.00,1.00
2017.09.21 19:23:11.847,0.90146,0.90171,1.00,1.00
2017.09.21 19:23:12.321,0.90148,0.90171,1.00,1.00
2017.09.21 19:23:12.874,0.90147,0.9017,1.00,1.00
2017.09.21 19:23:13.689,0.90147,0.90172,1.00,1.00
2017.09.21 19:23:13.740,0.90144,0.90169,1.00,1.00
2017.09.21 19:23:14.084,0.90147,0.9017,1.00,1.00
2017.09.21 19:23:17.162,0.90146,0.9017,1.00,1.00
2017.09.21 19:23:31.819,0.90147,0.9017,1.00,1.00
2017.09.21 19:23:32.984,0.90145,0.90169,1.00,1.00
2017.09.21 19:23:33.212,0.90147,0.9017,1.00,1.00
2017.09.21 19:23:41.913,0.90146,0.9017,1.00,1.00
2017.09.21 19:23:42.431,0.90147,0.90171,1.00,1.00
2017.09.21 19:23:44.817,0.90146,0.90171,1.00,1.00
2017.09.21 19:23:45.254,0.90146,0.90169,1.00,1.00
2017.09.21 19:23:47.361,0.90145,0.90168,1.00,1.00
2017.09.21 19:24:00.335,0.90146,0.90169,1.00,1.00
2017.09.21 19:24:08.433,0.90143,0.90169,1.00,1.00
2017.09.21 19:24:12.491,0.90145,0.90169,1.00,1.00
2017.09.21 19:24:17.459,0.90145,0.9017,1.00,1.00
2017.09.21 19:24:23.404,0.90149,0.90171,1.00,1.00
2017.09.21 19:24:24.222,0.90148,0.90171,1.00,1.00
2017.09.21 19:24:26.226,0.9015,0.90174,1.00,1.00
2017.09.21 19:24:26.377,0.90148,0.90172,1.00,1.00
2017.09.21 19:24:26.827,0.9015,0.90173,1.00,1.00
2017.09.21 19:24:27.175,0.90148,0.90172,1.00,1.00
2017.09.21 19:24:28.927,0.90146,0.9017,1.00,1.00
2017.09.21 19:24:30.217,0.90151,0.90176,1.00,1.00
2017.09.21 19:24:30.372,0.90153,0.90178,1.00,1.00
2017.09.21 19:24:31.759,0.90152,0.90176,1.00,1.00
2017.09.21 19:24:32.440,0.90152,0.90177,1.00,1.00
2017.09.21 19:24:34.837,0.90153,0.90179,1.00,1.00
2017.09.21 19:24:35.027,0.90152,0.90175,1.00,1.00
2017.09.21 19:24:35.078,0.90148,0.90173,1.00,1.00
2017.09.21 19:24:36.964,0.90147,0.90171,1.00,1.00
2017.09.21 19:24:42.501,0.90148,0.90171,1.00,1.00
2017.09.21 19:24:45.014,0.90146,0.9017,1.00,1.00
2017.09.21 19:24:45.165,0.90144,0.9017,1.00,1.00
2017.09.21 19:24:45.681,0.90145,0.90171,1.00,1.50
2017.09.21 19:24:49.614,0.90147,0.90171,1.00,2.25
2017.09.21 19:24:50.933,0.90146,0.90171,1.00,1.50
2017.09.21 19:24:54.808,0.90148,0.90171,1.00,1.50
2017.09.21 19:24:55.617,0.90147,0.90171,1.00,1.50
2017.09.21 19:24:59.091,0.90144,0.90168,1.00,1.00
2017.09.21 19:24:59.142,0.90142,0.90167,1.00,1.00
2017.09.21 19:24:59.936,0.90143,0.90167,1.00,1.00
2017.09.21 19:25:02.549,0.90143,0.90168,1.00,1.00
2017.09.21 19:25:03.236,0.90143,0.90169,1.00,1.00
2017.09.21 19:25:05.424,0.90144,0.9017,1.00,1.00
2017.09.21 19:25:17.028,0.90143,0.9017,1.00,1.00
2017.09.21 19:25:17.530,0.90144,0.90168,1.00,1.00
2017.09.21 19:25:27.591,0.90144,0.90167,1.00,1.00
2017.09.21 19:25:35.122,0.90143,0.9017,1.00,1.00
2017.09.21 19:25:41.925,0.90144,0.90167,1.00,1.00
2017.09.21 19:25:44.064,0.90145,0.90169,1.00,1.00
2017.09.21 19:25:44.266,0.90145,0.90171,1.00,1.00
2017.09.21 19:25:44.317,0.90145,0.90168,1.00,1.00
2017.09.21 19:25:46.461,0.90141,0.90164,1.00,1.00
2017.09.21 19:25:46.512,0.90135,0.9016,1.00,1.00
2017.09.21 19:25:46.563,0.90133,0.90159,1.00,1.00
2017.09.21 19:25:47.088,0.90134,0.90159,1.00,1.00
2017.09.21 19:25:47.643,0.90133,0.90158,1.00,1.00
2017.09.21 19:25:48.680,0.90135,0.90159,1.00,1.00
2017.09.21 19:25:48.731,0.90133,0.90159,1.00,1.00
2017.09.21 19:25:51.078,0.90135,0.90159,1.00,1.00
2017.09.21 19:25:51.636,0.90134,0.90158,1.00,1.00
2017.09.21 19:25:56.354,0.90132,0.90157,1.00,1.00
2017.09.21 19:25:57.149,0.90133,0.90157,1.00,1.00
2017.09.21 19:25:57.678,0.90133,0.90158,1.00,1.00
2017.09.21 19:26:02.628,0.90133,0.90156,1.00,1.00
2017.09.21 19:26:12.589,0.90133,0.90159,1.00,1.00
2017.09.21 19:26:14.224,0.90138,0.9016,1.00,1.00
2017.09.21 19:26:16.294,0.90138,0.90163,1.00,1.50
2017.09.21 19:26:17.149,0.90137,0.90163,1.00,1.50
2017.09.21 19:26:17.548,0.90134,0.9016,1.00,1.00
2017.09.21 19:26:17.731,0.90132,0.90158,1.00,1.00
2017.09.21 19:26:18.600,0.90132,0.90158,1.00,1.50
2017.09.21 19:26:24.601,0.90132,0.90158,1.00,1.00
2017.09.21 19:26:27.210,0.90133,0.90158,1.00,1.50
2017.09.21 19:26:27.760,0.90132,0.90157,1.00,1.00
2017.09.21 19:26:43.945,0.90134,0.90157,1.00,1.00
2017.09.21 19:26:46.451,0.9014,0.90163,1.00,1.00
2017.09.21 19:26:46.502,0.90141,0.90165,1.00,2.25
2017.09.21 19:26:47.101,0.90141,0.90166,1.00,1.12
2017.09.21 19:26:47.978,0.90143,0.90168,1.00,1.00
2017.09.21 19:26:50.124,0.90143,0.9017,1.00,1.00
2017.09.21 19:26:50.822,0.90143,0.90171,1.00,1.00
2017.09.21 19:26:51.706,0.90144,0.90168,1.00,1.00
2017.09.21 19:26:52.411,0.90144,0.90167,1.00,1.00
2017.09.21 19:26:53.134,0.90145,0.90168,1.00,1.00
2017.09.21 19:26:56.006,0.90145,0.90171,1.00,1.12
2017.09.21 19:27:00.845,0.90145,0.90168,1.00,1.00
2017.09.21 19:27:01.007,0.90146,0.90171,1.00,1.00
2017.09.21 19:27:02.774,0.90146,0.9017,1.00,1.00
2017.09.21 19:27:12.349,0.90145,0.90172,1.00,1.00
2017.09.21 19:27:14.988,0.90145,0.90171,1.00,1.00
2017.09.21 19:27:15.651,0.90144,0.9017,1.00,1.00
2017.09.21 19:27:17.770,0.90145,0.9017,1.00,1.00
2017.09.21 19:27:22.912,0.90146,0.90171,1.00,1.00
2017.09.21 19:27:24.408,0.90146,0.90173,1.00,1.00
2017.09.21 19:27:24.541,0.90148,0.90173,1.00,1.00
2017.09.21 19:27:27.855,0.90148,0.90172,1.00,1.00
2017.09.21 19:27:28.489,0.90147,0.90171,1.00,1.00
2017.09.21 19:27:28.540,0.90145,0.90171,2.25,1.00
2017.09.21 19:27:32.299,0.90145,0.9017,1.00,1.00
2017.09.21 19:27:33.542,0.90145,0.90169,1.00,2.25
2017.09.21 19:27:36.592,0.90145,0.9017,1.00,3.00
2017.09.21 19:27:40.080,0.90144,0.9017,1.00,3.00
2017.09.21 19:27:42.584,0.90144,0.90169,1.00,2.25
2017.09.21 19:27:44.942,0.90144,0.9017,1.00,1.50
2017.09.21 19:27:47.951,0.90144,0.9017,1.00,1.12
2017.09.21 19:27:57.130,0.90145,0.90171,1.00,1.12
2017.09.21 19:28:00.703,0.90147,0.90173,1.00,1.00
2017.09.21 19:28:01.028,0.90147,0.90171,1.00,1.00
2017.09.21 19:28:01.608,0.90152,0.90178,1.00,1.50
2017.09.21 19:28:01.839,0.90154,0.90179,1.00,1.00
2017.09.21 19:28:02.753,0.90156,0.9018,1.00,1.00
2017.09.21 19:28:03.615,0.90156,0.90182,1.00,1.00
2017.09.21 19:28:08.904,0.90155,0.90181,1.00,1.00
2017.09.21 19:28:09.908,0.90155,0.9018,1.00,1.00
2017.09.21 19:28:12.909,0.90155,0.90181,1.00,3.00
2017.09.21 19:28:13.484,0.90156,0.90179,1.00,1.50
2017.09.21 19:28:14.313,0.90154,0.9018,1.00,1.75
2017.09.21 19:28:14.465,0.90152,0.90174,1.00,1.00
2017.09.21 19:28:14.516,0.9015,0.90174,1.50,1.00
2017.09.21 19:28:16.703,0.9015,0.90176,1.00,1.00
2017.09.21 19:28:17.198,0.90152,0.90176,1.00,1.00
2017.09.21 19:28:17.664,0.9015,0.90173,1.00,1.00
2017.09.21 19:28:17.765,0.90145,0.90171,1.00,1.00
2017.09.21 19:28:17.865,0.90146,0.90173,1.00,1.00
2017.09.21 19:28:18.301,0.90153,0.90176,1.00,1.00
2017.09.21 19:28:18.604,0.90156,0.9018,1.00,1.00
2017.09.21 19:28:19.520,0.90155,0.90181,1.00,1.00
2017.09.21 19:28:20.031,0.90154,0.90181,1.00,1.00
2017.09.21 19:28:21.014,0.90155,0.9018,1.00,1.00
2017.09.21 19:28:23.517,0.90157,0.9018,1.00,1.00
2017.09.21 19:28:23.618,0.90157,0.90184,1.00,1.00
2017.09.21 19:28:27.956,0.90159,0.90184,1.00,1.00
2017.09.21 19:28:32.418,0.90158,0.90183,1.00,1.00
2017.09.21 19:28:47.309,0.90164,0.90188,1.00,1.00
2017.09.21 19:28:47.410,0.90165,0.9019,1.00,1.00
2017.09.21 19:28:47.674,0.90163,0.90186,1.00,1.00
2017.09.21 19:28:47.725,0.9016,0.90186,1.00,1.00
2017.09.21 19:28:47.775,0.90159,0.90183,1.00,1.00
2017.09.21 19:28:51.205,0.90157,0.90182,1.00,1.00
2017.09.21 19:28:51.748,0.90156,0.90182,1.00,1.00
2017.09.21 19:28:57.510,0.90158,0.90182,1.00,1.00
2017.09.21 19:28:58.011,0.90156,0.90182,1.00,1.00
2017.09.21 19:29:02.980,0.90157,0.90182,1.00,1.00
2017.09.21 19:29:12.159,0.90156,0.90182,1.00,1.00
2017.09.21 19:29:12.706,0.90155,0.9018,1.00,1.00
2017.09.21 19:29:17.549,0.90156,0.9018,1.00,1.00
2017.09.21 19:29:42.649,0.90156,0.90181,1.00,1.00
2017.09.21 19:29:43.394,0.90155,0.90181,1.00,1.00
2017.09.21 19:29:50.614,0.90155,0.90179,1.00,1.00
2017.09.21 19:29:51.139,0.90156,0.9018,1.00,1.00
2017.09.21 19:29:58.130,0.90156,0.90179,1.00,1.00
2017.09.21 19:30:00.648,0.90151,0.90174,1.50,1.00
2017.09.21 19:30:00.699,0.90149,0.90174,1.00,1.00
2017.09.21 19:30:01.360,0.90148,0.90174,1.00,1.00
2017.09.21 19:30:02.598,0.90149,0.90174,1.00,1.00
2017.09.21 19:30:03.098,0.90147,0.90175,1.00,1.00
2017.09.21 19:30:06.362,0.90146,0.90174,1.50,1.00
2017.09.21 19:30:06.463,0.90147,0.90172,1.00,1.00
2017.09.21 19:30:06.972,0.90146,0.90171,1.00,1.00
2017.09.21 19:30:07.471,0.90144,0.90171,2.25,1.00
2017.09.21 19:30:08.859,0.90144,0.90172,1.50,1.00
2017.09.21 19:30:12.707,0.90145,0.9017,1.00,1.00
2017.09.21 19:30:13.189,0.9015,0.90175,1.00,1.00
2017.09.21 19:30:13.240,0.90146,0.90174,1.50,1.00
2017.09.21 19:30:13.292,0.90152,0.90176,1.00,1.00
2017.09.21 19:30:14.385,0.90146,0.90171,1.00,1.00
2017.09.21 19:30:14.662,0.90143,0.9017,2.25,1.00
2017.09.21 19:30:18.128,0.90144,0.90169,1.00,1.00
2017.09.21 19:30:21.367,0.90147,0.90173,1.00,1.00
2017.09.21 19:30:21.418,0.90149,0.90174,1.00,1.00
2017.09.21 19:30:21.999,0.90147,0.90171,1.00,1.00
2017.09.21 19:30:23.294,0.90145,0.90173,2.25,1.00
2017.09.21 19:30:27.710,0.90145,0.90172,1.00,1.00
2017.09.21 19:30:28.238,0.90144,0.90172,1.00,1.00
2017.09.21 19:30:37.458,0.90145,0.90173,1.00,1.00
2017.09.21 19:30:40.662,0.90147,0.90173,1.00,1.00
2017.09.21 19:30:41.272,0.90146,0.90172,1.00,1.00
2017.09.21 19:30:42.718,0.90144,0.90172,1.00,1.00
2017.09.21 19:31:12.220,0.90146,0.90174,1.00,1.00
2017.09.21 19:31:12.778,0.90148,0.90174,1.00,1.00
2017.09.21 19:31:13.280,0.90147,0.90174,1.00,1.00
2017.09.21 19:31:18.514,0.90146,0.90173,1.00,1.00
2017.09.21 19:31:26.449,0.90148,0.90173,1.00,1.00
2017.09.21 19:31:31.214,0.90148,0.90172,1.00,1.00
2017.09.21 19:31:31.739,0.90147,0.90171,1.00,1.00
2017.09.21 19:31:33.205,0.90148,0.90172,1.00,1.00
2017.09.21 19:31:33.586,0.90146,0.90171,1.00,1.00
2017.09.21 19:31:42.838,0.90147,0.90171,1.00,1.00
2017.09.21 19:31:48.093,0.90148,0.90172,1.00,1.00
2017.09.21 19:31:48.766,0.90147,0.90172,1.00,1.00
2017.09.21 19:31:49.834,0.90146,0.9017,1.00,1.00
2017.09.21 19:31:50.044,0.90144,0.9017,1.00,1.00
2017.09.21 19:31:57.877,0.90145,0.9017,1.00,1.00
2017.09.21 19:31:58.488,0.90145,0.90171,1.00,1.00
2017.09.21 19:31:58.815,0.90144,0.90168,1.00,1.00
2017.09.21 19:31:59.198,0.90142,0.90168,1.00,1.00
2017.09.21 19:32:02.560,0.90145,0.90169,1.00,1.00
2017.09.21 19:32:03.149,0.90144,0.90168,1.00,1.00
2017.09.21 19:32:03.573,0.90142,0.90166,1.00,1.00
2017.09.21 19:32:04.062,0.90139,0.90163,1.00,1.00
2017.09.21 19:32:04.112,0.9014,0.90166,1.00,1.50
2017.09.21 19:32:05.696,0.90139,0.90163,1.00,1.00
2017.09.21 19:32:06.015,0.90137,0.90164,1.00,1.00
2017.09.21 19:32:07.035,0.9014,0.90164,1.00,1.00
2017.09.21 19:32:08.241,0.90138,0.90163,1.00,1.00
2017.09.21 19:32:14.074,0.90139,0.90163,1.00,1.00
2017.09.21 19:32:14.686,0.90137,0.90162,1.00,1.00
2017.09.21 19:32:17.910,0.90138,0.90162,1.00,1.00
2017.09.21 19:32:18.368,0.90136,0.90162,1.00,1.00
2017.09.21 19:32:19.132,0.90136,0.90162,1.50,1.00
2017.09.21 19:32:19.793,0.90136,0.90162,1.00,1.00
2017.09.21 19:32:21.591,0.90133,0.90161,1.50,1.00
2017.09.21 19:32:22.697,0.90133,0.9016,1.50,1.00
2017.09.21 19:32:29.404,0.90133,0.90161,1.00,1.00
2017.09.21 19:32:33.416,0.90135,0.9016,1.00,1.00
2017.09.21 19:32:36.233,0.90135,0.90162,1.00,1.00
2017.09.21 19:32:40.426,0.90135,0.9016,1.00,1.00
2017.09.21 19:32:40.627,0.90135,0.90162,1.00,1.00
2017.09.21 19:32:40.879,0.90135,0.9016,1.00,1.00
2017.09.21 19:32:43.459,0.90134,0.9016,1.00,1.00
2017.09.21 19:33:02.911,0.90136,0.9016,1.00,1.00
2017.09.21 19:33:02.962,0.90134,0.9016,1.50,1.00
2017.09.21 19:33:13.068,0.90135,0.9016,1.00,1.00
2017.09.21 19:33:17.983,0.90134,0.90159,2.25,1.00
2017.09.21 19:33:18.763,0.90135,0.90161,1.00,1.00
2017.09.21 19:33:19.272,0.90134,0.9016,1.00,1.00
2017.09.21 19:33:19.932,0.90135,0.9016,1.00,1.00
2017.09.21 19:33:20.122,0.90133,0.9016,3.00,1.00
2017.09.21 19:33:20.924,0.90134,0.9016,1.00,1.00
2017.09.21 19:33:26.944,0.90135,0.9016,1.00,1.00
2017.09.21 19:33:27.054,0.90135,0.90162,1.00,1.00
2017.09.21 19:33:28.048,0.90135,0.90161,1.00,1.00
2017.09.21 19:33:33.139,0.90136,0.90161,1.00,1.00
2017.09.21 19:33:34.409,0.90137,0.90162,1.00,1.00
2017.09.21 19:33:37.052,0.90137,0.90163,1.00,1.00
2017.09.21 19:33:43.628,0.90138,0.90163,1.00,1.00
2017.09.21 19:34:03.578,0.90137,0.90162,1.50,1.00
2017.09.21 19:34:12.937,0.90136,0.90162,1.00,1.00
2017.09.21 19:34:13.141,0.90133,0.9016,1.00,1.00
2017.09.21 19:34:14.676,0.90136,0.9016,1.00,1.00
2017.09.21 19:34:14.823,0.90136,0.90162,1.00,1.00
2017.09.21 19:34:15.566,0.90137,0.90162,1.00,1.00
2017.09.21 19:34:15.828,0.90135,0.9016,1.00,1.00
2017.09.21 19:34:16.278,0.90135,0.9016,1.75,1.00
2017.09.21 19:34:18.107,0.90135,0.90161,1.75,1.00
2017.09.21 19:34:18.753,0.90135,0.90161,1.00,1.00
2017.09.21 19:34:26.078,0.90136,0.90161,1.00,1.00
2017.09.21 19:34:26.591,0.90137,0.90161,1.00,1.00
2017.09.21 19:34:34.352,0.90134,0.9016,1.50,1.00
2017.09.21 19:34:42.831,0.90134,0.90158,2.25,1.00
2017.09.21 19:34:42.982,0.90135,0.9016,1.00,1.00
2017.09.21 19:34:43.908,0.90137,0.90162,1.00,1.00
2017.09.21 19:34:45.939,0.90137,0.90164,1.00,1.50
2017.09.21 19:34:46.501,0.90138,0.90165,1.00,1.35
2017.09.21 19:34:47.303,0.90137,0.90163,1.00,1.00
2017.09.21 19:34:47.848,0.90138,0.90163,1.00,1.00
2017.09.21 19:34:57.213,0.90137,0.90163,1.00,1.00
2017.09.21 19:34:58.227,0.90136,0.90163,2.25,1.00
2017.09.21 19:35:03.196,0.90137,0.90163,1.00,1.00
2017.09.21 19:35:04.245,0.90137,0.90164,1.00,1.00
2017.09.21 19:35:18.775,0.90137,0.90165,2.25,1.35
2017.09.21 19:35:27.205,0.90139,0.90165,1.00,1.00
2017.09.21 19:35:28.814,0.90139,0.90164,1.00,1.00
2017.09.21 19:35:29.475,0.9014,0.90165,1.00,1.00
2017.09.21 19:35:30.084,0.90139,0.90164,1.00,1.00
2017.09.21 19:35:30.744,0.90138,0.90165,1.50,1.00
2017.09.21 19:35:39.926,0.90139,0.90163,1.00,1.00
2017.09.21 19:35:48.286,0.90138,0.90163,2.25,1.00
2017.09.21 19:35:58.397,0.90139,0.90164,1.00,1.00
2017.09.21 19:36:16.431,0.90137,0.90163,1.50,1.00
2017.09.21 19:36:18.038,0.90139,0.90164,1.00,1.00
2017.09.21 19:36:18.389,0.90143,0.90167,1.00,1.00
2017.09.21 19:36:18.898,0.90144,0.90168,1.00,1.00
2017.09.21 19:36:28.908,0.90142,0.90169,1.00,1.00
2017.09.21 19:36:33.886,0.90144,0.90168,1.00,1.00
2017.09.21 19:36:43.437,0.90143,0.90168,1.00,1.00
2017.09.21 19:36:48.406,0.90143,0.90169,1.00,1.00
2017.09.21 19:37:03.029,0.90144,0.90169,1.00,1.00
2017.09.21 19:37:03.692,0.90145,0.90169,1.00,1.00
2017.09.21 19:37:05.218,0.90143,0.9017,1.00,1.00
2017.09.21 19:37:13.594,0.90143,0.90169,1.00,1.00
2017.09.21 19:37:14.015,0.90145,0.90169,1.00,1.00
2017.09.21 19:37:18.466,0.90143,0.9017,1.00,1.00
2017.09.21 19:37:28.553,0.90144,0.9017,1.00,1.00
2017.09.21 19:37:43.557,0.90144,0.90169,1.00,1.00
2017.09.21 19:37:49.027,0.90144,0.90168,1.00,1.00
2017.09.21 19:38:01.640,0.90145,0.9017,1.00,1.00
2017.09.21 19:38:04.179,0.90144,0.90169,1.00,1.00
2017.09.21 19:38:18.615,0.90144,0.9017,1.00,1.00
2017.09.21 19:38:19.138,0.90144,0.90169,1.00,1.00
2017.09.21 19:38:29.148,0.90144,0.90168,1.00,1.00
2017.09.21 19:38:34.117,0.90143,0.9017,1.00,1.00
2017.09.21 19:38:39.381,0.90144,0.90171,1.00,1.50
2017.09.21 19:38:44.225,0.90143,0.90171,1.00,1.00
2017.09.21 19:38:47.132,0.90144,0.90168,1.00,1.00
2017.09.21 19:38:49.180,0.90142,0.90169,1.00,1.00
2017.09.21 19:39:05.580,0.90145,0.90171,1.00,1.00
2017.09.21 19:39:05.904,0.90144,0.90169,1.00,1.00
2017.09.21 19:39:06.727,0.90145,0.90169,1.00,1.00
2017.09.21 19:39:14.288,0.90145,0.90171,1.00,1.00
2017.09.21 19:39:16.366,0.90147,0.90173,1.00,1.00
2017.09.21 19:39:16.671,0.90145,0.90171,1.00,1.00
2017.09.21 19:39:17.206,0.90146,0.90172,1.00,1.12
2017.09.21 19:39:19.207,0.90145,0.90171,1.00,1.00
2017.09.21 19:39:21.066,0.90145,0.90169,1.00,1.00
2017.09.21 19:39:21.607,0.90145,0.9017,1.00,1.00
2017.09.21 19:39:23.835,0.90143,0.9017,1.00,1.00
2017.09.21 19:39:23.886,0.90144,0.90168,1.00,1.00
2017.09.21 19:39:24.654,0.90143,0.90167,1.00,1.00
2017.09.21 19:39:26.536,0.90141,0.90166,1.00,1.00
2017.09.21 19:39:29.268,0.90141,0.90167,1.00,1.00
2017.09.21 19:39:33.084,0.90142,0.90168,1.00,1.00
2017.09.21 19:39:35.772,0.90142,0.90167,1.00,1.00
2017.09.21 19:39:39.496,0.90141,0.90166,1.00,1.00
2017.09.21 19:39:40.248,0.9014,0.90166,1.00,1.00
2017.09.21 19:39:41.558,0.90142,0.90166,1.00,1.00
2017.09.21 19:39:45.177,0.90141,0.90166,1.00,1.00
2017.09.21 19:39:45.923,0.9014,0.90165,1.00,1.00
2017.09.21 19:39:46.679,0.9014,0.90164,1.00,1.00
2017.09.21 19:39:49.981,0.90141,0.90165,1.00,1.00
2017.09.21 19:39:58.848,0.90141,0.90166,1.00,1.00
2017.09.21 19:40:00.506,0.9014,0.90168,1.00,1.12
2017.09.21 19:40:00.779,0.90144,0.90168,1.00,1.12
2017.09.21 19:40:03.828,0.90144,0.90169,1.00,1.00
2017.09.21 19:40:13.866,0.90143,0.90169,1.00,1.00
2017.09.21 19:40:21.110,0.90143,0.90167,1.00,1.00
2017.09.21 19:40:21.541,0.90139,0.90163,1.00,1.00
2017.09.21 19:40:21.591,0.90139,0.90166,1.00,2.25
2017.09.21 19:40:21.743,0.90141,0.90167,1.00,1.00
2017.09.21 19:40:23.107,0.90143,0.90168,1.00,1.00
2017.09.21 19:40:23.952,0.90141,0.90167,1.00,1.00
2017.09.21 19:40:24.133,0.90143,0.90169,1.00,1.00
2017.09.21 19:40:29.393,0.90143,0.90171,1.00,1.50
2017.09.21 19:40:34.361,0.90143,0.90169,1.00,1.00
2017.09.21 19:40:39.032,0.90144,0.90171,1.00,1.00
2017.09.21 19:40:39.140,0.90146,0.9017,1.00,1.00
2017.09.21 19:40:40.641,0.90144,0.9017,1.00,1.00
2017.09.21 19:40:42.893,0.90146,0.9017,1.00,1.00
2017.09.21 19:40:43.534,0.90146,0.90171,1.00,1.00
2017.09.21 19:40:47.090,0.90145,0.9017,1.00,1.00
2017.09.21 19:40:59.461,0.90144,0.9017,1.00,1.00
2017.09.21 19:41:02.640,0.90151,0.90175,1.00,1.00
2017.09.21 19:41:02.691,0.90145,0.90173,1.12,1.00
2017.09.21 19:41:06.301,0.90144,0.90169,2.25,1.00
2017.09.21 19:41:07.037,0.90143,0.90168,1.00,1.00
2017.09.21 19:41:07.250,0.90146,0.90172,1.00,1.00
2017.09.21 19:41:08.338,0.90144,0.90169,1.00,1.00
2017.09.21 19:41:09.189,0.90143,0.90168,1.00,1.00
2017.09.21 19:41:09.519,0.90141,0.90169,1.00,1.00
2017.09.21 19:41:11.251,0.90142,0.9017,1.00,1.00
2017.09.21 19:41:11.301,0.90144,0.9017,1.00,1.00
2017.09.21 19:41:11.403,0.90142,0.9017,1.00,1.00
2017.09.21 19:41:11.453,0.90142,0.90168,1.00,1.00
2017.09.21 19:41:14.031,0.90142,0.90169,1.00,1.00
2017.09.21 19:41:14.341,0.90142,0.90167,1.00,1.00
2017.09.21 19:41:15.046,0.90141,0.90166,1.00,1.00
2017.09.21 19:41:15.352,0.9014,0.90164,1.00,1.00
2017.09.21 19:41:18.950,0.9014,0.90165,1.00,1.00
2017.09.21 19:41:22.906,0.90146,0.90171,1.00,1.00
2017.09.21 19:41:23.439,0.90147,0.90174,1.00,1.50
2017.09.21 19:41:23.642,0.90149,0.90175,1.00,1.00
2017.09.21 19:41:29.010,0.90151,0.90175,1.00,1.00
2017.09.21 19:41:34.017,0.90151,0.90176,1.00,1.00
2017.09.21 19:41:34.531,0.90151,0.90175,1.00,1.00
2017.09.21 19:41:40.339,0.9015,0.90174,1.00,1.00
2017.09.21 19:41:40.900,0.90151,0.90175,1.00,1.00
2017.09.21 19:41:44.040,0.9015,0.90175,1.00,1.00
2017.09.21 19:41:44.581,0.9015,0.90176,1.00,1.00
2017.09.21 19:41:49.533,0.90151,0.90177,1.00,1.50
2017.09.21 19:41:50.127,0.90151,0.90178,1.00,1.50
2017.09.21 19:41:50.672,0.9015,0.90177,1.00,1.50
2017.09.21 19:41:51.133,0.90145,0.9017,1.00,1.00
2017.09.21 19:41:51.441,0.9014,0.90165,1.00,1.00
2017.09.21 19:41:52.123,0.90139,0.90164,1.00,1.00
2017.09.21 19:41:52.835,0.90138,0.90162,1.00,1.00
2017.09.21 19:41:59.954,0.9014,0.90165,1.00,1.00
2017.09.21 19:42:02.147,0.90138,0.90163,1.00,1.00
2017.09.21 19:42:02.248,0.90139,0.90165,1.00,1.00
2017.09.21 19:42:02.383,0.90137,0.90164,1.00,1.00
2017.09.21 19:42:03.034,0.90138,0.90165,1.00,1.00
2017.09.21 19:42:04.076,0.90137,0.90164,1.00,1.00
2017.09.21 19:42:04.541,0.90139,0.90164,1.00,1.00
2017.09.21 19:42:09.869,0.9014,0.90165,1.00,1.00
2017.09.21 19:42:12.421,0.90137,0.90163,1.00,1.00
2017.09.21 19:42:13.289,0.9014,0.90166,1.00,1.50
2017.09.21 19:42:14.149,0.90142,0.90166,1.00,1.00
2017.09.21 19:42:14.601,0.9014,0.90167,1.00,1.00
2017.09.21 19:42:18.063,0.90141,0.90167,1.00,1.00
2017.09.21 19:42:26.070,0.9014,0.90166,1.00,1.00
2017.09.21 19:42:29.681,0.9014,0.90167,1.00,1.00
2017.09.21 19:42:35.460,0.90142,0.90166,1.00,1.00
2017.09.21 19:42:37.166,0.90142,0.90167,1.00,1.00
2017.09.21 19:42:40.218,0.90141,0.90167,1.00,1.00
2017.09.21 19:42:41.104,0.90141,0.90166,1.00,1.00
2017.09.21 19:42:44.209,0.90142,0.90166,1.00,1.00
2017.09.21 19:42:49.492,0.90144,0.90169,1.00,1.00
2017.09.21 19:42:49.543,0.90145,0.90171,1.00,1.87
2017.09.21 19:42:49.644,0.90145,0.90169,1.00,1.00
2017.09.21 19:42:49.695,0.90143,0.90169,1.00,1.00
2017.09.21 19:42:50.831,0.90144,0.90168,1.00,1.00
2017.09.21 19:42:51.848,0.90142,0.90169,1.00,1.00
2017.09.21 19:42:52.865,0.90143,0.9017,1.00,1.00
2017.09.21 19:42:53.704,0.90144,0.90168,1.00,1.00
2017.09.21 19:42:55.022,0.90144,0.90169,1.00,1.00
2017.09.21 19:42:55.655,0.90144,0.90168,1.00,1.00
2017.09.21 19:42:57.782,0.90142,0.90166,1.00,1.00
2017.09.21 19:42:57.833,0.90139,0.90164,1.00,1.00
2017.09.21 19:42:57.934,0.90137,0.90163,1.00,1.00
2017.09.21 19:42:57.985,0.90137,0.90161,1.00,1.00
2017.09.21 19:42:58.837,0.90137,0.90162,1.00,1.00
2017.09.21 19:42:59.040,0.90138,0.90164,1.00,1.00
2017.09.21 19:42:59.091,0.9014,0.90164,1.00,1.00
2017.09.21 19:43:00.613,0.90138,0.90163,1.00,1.00
2017.09.21 19:43:00.665,0.90135,0.90162,1.50,1.00
2017.09.21 19:43:01.171,0.90136,0.90161,1.00,1.00
2017.09.21 19:43:04.159,0.90137,0.90161,1.00,1.00
2017.09.21 19:43:04.660,0.90136,0.9016,1.00,1.00
2017.09.21 19:43:05.857,0.90137,0.90161,1.00,1.00
2017.09.21 19:43:06.377,0.90138,0.90162,1.00,1.00
2017.09.21 19:43:12.702,0.90136,0.90161,1.00,1.00
2017.09.21 19:43:14.268,0.90136,0.9016,1.00,1.00
2017.09.21 19:43:14.770,0.90136,0.90162,1.00,1.00
2017.09.21 19:43:15.451,0.90138,0.90163,1.00,1.50
2017.09.21 19:43:15.817,0.90141,0.90165,1.00,1.00
2017.09.21 19:43:15.868,0.90138,0.90163,1.50,1.00
2017.09.21 19:43:15.919,0.90138,0.90161,1.00,1.00
2017.09.21 19:43:16.080,0.90137,0.90163,1.00,1.00
2017.09.21 19:43:17.444,0.90137,0.90161,1.00,1.00
2017.09.21 19:43:19.300,0.90137,0.90162,1.00,1.00
2017.09.21 19:43:20.438,0.90138,0.90162,1.00,1.00
2017.09.21 19:43:21.149,0.90138,0.90163,1.00,1.00
2017.09.21 19:43:22.341,0.90138,0.90164,1.00,1.50
2017.09.21 19:43:22.815,0.9014,0.90165,1.00,1.00
2017.09.21 19:43:26.536,0.90139,0.90164,1.00,1.00
2017.09.21 19:43:27.092,0.90138,0.90164,1.00,1.00
2017.09.21 19:43:29.781,0.90137,0.90164,1.00,1.00
2017.09.21 19:43:32.352,0.90134,0.90158,1.00,1.00
2017.09.21 19:43:32.403,0.90132,0.90157,1.00,1.00
2017.09.21 19:43:32.604,0.90133,0.90159,1.00,1.00
2017.09.21 19:43:32.655,0.90131,0.90158,1.00,1.00
2017.09.21 19:43:33.993,0.90131,0.90155,1.00,1.00
2017.09.21 19:43:34.219,0.90129,0.90156,1.00,1.00
2017.09.21 19:43:34.734,0.90132,0.90156,1.00,1.00
2017.09.21 19:43:35.915,0.90133,0.90158,1.00,1.00
2017.09.21 19:43:38.278,0.90132,0.90156,1.00,1.00
2017.09.21 19:43:40.718,0.90133,0.90158,1.00,1.00
2017.09.21 19:43:40.819,0.90135,0.90161,1.00,1.00
2017.09.21 19:43:40.970,0.90137,0.90161,1.00,1.00
2017.09.21 19:43:41.121,0.90137,0.90163,1.00,1.00
2017.09.21 19:43:41.839,0.90138,0.90163,1.00,1.00
2017.09.21 19:43:42.118,0.90138,0.90165,1.00,1.00
2017.09.21 19:43:43.361,0.90137,0.90163,1.00,1.00
2017.09.21 19:43:43.663,0.9014,0.90165,1.00,1.00
2017.09.21 19:43:44.251,0.9014,0.90164,1.00,1.00
2017.09.21 19:43:44.302,0.90138,0.90164,1.00,1.00
2017.09.21 19:43:50.657,0.90138,0.90162,1.00,1.00
2017.09.21 19:43:59.005,0.90135,0.90162,1.00,1.00
2017.09.21 19:43:59.106,0.90134,0.9016,1.00,1.00
2017.09.21 19:43:59.416,0.90134,0.90158,1.00,1.00
2017.09.21 19:44:00.527,0.90132,0.90158,1.00,1.00
2017.09.21 19:44:02.596,0.90132,0.90156,1.00,1.00
2017.09.21 19:44:02.842,0.90132,0.90158,1.00,1.00
2017.09.21 19:44:02.893,0.90134,0.90158,1.00,1.00
2017.09.21 19:44:09.704,0.90133,0.90161,1.00,1.50
2017.09.21 19:44:14.891,0.90133,0.90159,1.00,1.00
2017.09.21 19:44:19.309,0.90133,0.9016,1.00,1.00
2017.09.21 19:44:19.810,0.90134,0.90158,1.00,1.00
2017.09.21 19:44:29.897,0.90134,0.90159,1.00,1.00
2017.09.21 19:44:34.339,0.90133,0.90159,1.00,1.00
2017.09.21 19:44:34.889,0.90132,0.90159,1.00,1.00
2017.09.21 19:44:39.986,0.90132,0.90156,1.00,1.00
2017.09.21 19:44:40.087,0.9013,0.90155,1.00,1.00
2017.09.21 19:44:40.315,0.90128,0.90154,1.00,1.00
2017.09.21 19:44:41.060,0.90129,0.90154,1.00,1.00
2017.09.21 19:44:42.114,0.90129,0.90153,1.00,1.00
2017.09.21 19:44:42.368,0.9013,0.90155,1.00,1.00
2017.09.21 19:44:42.469,0.90129,0.90153,1.00,1.00
2017.09.21 19:44:42.620,0.90129,0.90156,1.00,1.50
2017.09.21 19:44:44.400,0.90131,0.90155,1.00,1.00
2017.09.21 19:44:44.950,0.9013,0.90155,1.00,1.00
2017.09.21 19:44:49.474,0.9013,0.90154,1.00,1.00
2017.09.21 19:44:50.931,0.9013,0.90155,1.00,1.00
2017.09.21 19:44:51.178,0.90133,0.9016,1.00,1.00
2017.09.21 19:44:59.945,0.90135,0.90159,1.00,1.00
2017.09.21 19:45:03.248,0.90134,0.90162,1.00,1.50
2017.09.21 19:45:03.489,0.90134,0.90159,1.00,1.00
2017.09.21 19:45:04.188,0.90133,0.9016,1.00,1.00
2017.09.21 19:45:08.121,0.90136,0.90161,1.00,1.00
2017.09.21 19:45:08.832,0.90135,0.90159,1.00,1.00
2017.09.21 19:45:14.389,0.90136,0.9016,1.00,1.00
2017.09.21 19:45:15.083,0.90135,0.90159,1.00,1.00
2017.09.21 19:45:17.013,0.90134,0.90162,1.00,1.00
2017.09.21 19:45:19.482,0.90136,0.90162,1.00,1.00
2017.09.21 19:45:34.462,0.90136,0.90161,1.00,1.00
2017.09.21 19:45:53.816,0.90137,0.90162,1.00,1.00
2017.09.21 19:45:59.552,0.90137,0.90161,1.00,1.00
2017.09.21 19:46:04.223,0.90134,0.90161,1.00,1.00
2017.09.21 19:46:04.274,0.90134,0.90159,1.00,1.00
2017.09.21 19:46:05.065,0.90135,0.90159,1.00,1.00
2017.09.21 19:46:11.967,0.90134,0.90159,1.00,1.00
2017.09.21 19:46:12.309,0.90132,0.90156,1.00,1.00
2017.09.21 19:46:15.133,0.90131,0.90155,1.00,1.00
2017.09.21 19:46:15.439,0.90131,0.90157,1.00,1.00
2017.09.21 19:46:16.158,0.90132,0.90158,1.00,1.00
2017.09.21 19:46:19.586,0.90133,0.90158,1.00,1.00
2017.09.21 19:46:20.090,0.90134,0.90158,1.00,1.00
2017.09.21 19:46:25.190,0.90131,0.90157,1.00,1.00
2017.09.21 19:46:26.036,0.90133,0.90157,1.00,1.00
2017.09.21 19:46:26.699,0.90137,0.90163,1.00,1.00
2017.09.21 19:46:35.041,0.90135,0.90161,1.00,1.00
2017.09.21 19:46:35.416,0.90132,0.90157,1.00,1.00
2017.09.21 19:46:43.452,0.90132,0.90158,1.00,1.00
2017.09.21 19:46:44.216,0.90132,0.90157,1.50,1.00
2017.09.21 19:46:45.159,0.90132,0.90155,1.00,1.00
2017.09.21 19:46:46.576,0.90131,0.90155,1.50,1.00
2017.09.21 19:46:46.627,0.90132,0.90157,1.00,1.00
2017.09.21 19:46:47.128,0.90131,0.90156,1.00,1.00
2017.09.21 19:46:51.241,0.90133,0.90157,1.00,1.00
2017.09.21 19:47:00.222,0.90132,0.90157,1.00,1.00
2017.09.21 19:47:01.174,0.90132,0.90154,1.00,1.00
2017.09.21 19:47:03.693,0.90132,0.90157,1.00,1.00
2017.09.21 19:47:05.143,0.90133,0.90159,1.00,1.12
2017.09.21 19:47:06.739,0.90133,0.9016,1.00,1.75
2017.09.21 19:47:07.346,0.90132,0.90158,1.00,1.50
2017.09.21 19:47:08.719,0.90132,0.90158,1.00,1.00
2017.09.21 19:47:15.203,0.90132,0.90159,1.00,1.00
2017.09.21 19:47:30.257,0.90132,0.9016,1.00,1.00
2017.09.21 19:47:34.751,0.90134,0.90159,1.00,1.00
2017.09.21 19:47:35.293,0.90134,0.90158,1.00,1.00
2017.09.21 19:47:43.086,0.9013,0.90155,1.00,1.00
2017.09.21 19:47:43.187,0.90127,0.90153,1.00,1.00
2017.09.21 19:47:43.288,0.90129,0.90153,1.00,1.00
2017.09.21 19:47:43.591,0.90131,0.90155,1.00,1.00
2017.09.21 19:47:44.300,0.90131,0.90156,1.00,1.00
2017.09.21 19:47:44.819,0.90132,0.90157,1.00,1.00
2017.09.21 19:47:45.437,0.90132,0.90158,1.00,1.00
2017.09.21 19:47:47.245,0.90133,0.90159,1.00,2.10
2017.09.21 19:47:49.037,0.90133,0.90159,1.00,1.72
2017.09.21 19:48:00.344,0.90132,0.9016,1.00,1.37
2017.09.21 19:48:00.825,0.90131,0.90157,1.00,1.37
2017.09.21 19:48:03.432,0.90131,0.90159,1.00,1.50
2017.09.21 19:48:04.358,0.90131,0.90157,1.00,1.00
2017.09.21 19:48:05.262,0.90131,0.90156,1.00,1.00
2017.09.21 19:48:06.642,0.90129,0.90153,1.00,1.00
2017.09.21 19:48:06.793,0.90127,0.90152,1.00,1.00
2017.09.21 19:48:13.916,0.90128,0.90154,1.00,1.00
2017.09.21 19:48:13.966,0.9013,0.90155,1.00,2.62
2017.09.21 19:48:15.587,0.90128,0.90152,1.00,1.00
2017.09.21 19:48:15.739,0.90121,0.90148,1.00,1.00
2017.09.21 19:48:16.366,0.9012,0.90148,1.50,1.00
2017.09.21 19:48:18.065,0.90121,0.90148,1.00,1.00
2017.09.21 19:48:18.200,0.90121,0.9015,1.00,1.00
2017.09.21 19:48:18.251,0.9012,0.90146,1.00,1.00
2017.09.21 19:48:18.353,0.90116,0.90144,1.00,1.00
2017.09.21 19:48:18.727,0.90118,0.90144,1.00,1.00
2017.09.21 19:48:19.336,0.90117,0.90143,1.00,1.00
2017.09.21 19:48:19.535,0.90118,0.90146,1.00,1.00
2017.09.21 19:48:19.636,0.9012,0.90147,1.00,1.12
2017.09.21 19:48:20.342,0.90121,0.90145,1.00,1.00
2017.09.21 19:48:21.057,0.9012,0.90145,2.25,1.00
2017.09.21 19:48:26.415,0.9012,0.90148,1.00,1.12
2017.09.21 19:48:26.466,0.90127,0.90151,1.00,3.75
2017.09.21 19:48:26.591,0.90125,0.90151,1.00,4.50
2017.09.21 19:48:27.503,0.90125,0.90151,1.00,1.00
2017.09.21 19:48:29.852,0.90124,0.90151,1.00,1.00
2017.09.21 19:48:30.400,0.90125,0.90149,1.00,1.00
2017.09.21 19:48:32.050,0.90128,0.90154,1.00,1.00
2017.09.21 19:48:32.659,0.90128,0.90155,1.00,1.00
2017.09.21 19:48:34.755,0.90128,0.90155,1.00,1.37
2017.09.21 19:48:34.821,0.9013,0.90154,1.00,1.12
2017.09.21 19:48:36.256,0.90126,0.90152,1.00,1.00
2017.09.21 19:48:36.307,0.90124,0.9015,1.00,1.00
2017.09.21 19:48:40.364,0.90124,0.90148,1.00,1.00
2017.09.21 19:48:42.390,0.90122,0.90149,1.00,1.00
2017.09.21 19:48:44.772,0.90122,0.90146,1.00,1.00
2017.09.21 19:48:44.823,0.90123,0.9015,1.00,1.00
2017.09.21 19:48:45.385,0.90126,0.9015,1.00,1.00
2017.09.21 19:48:59.950,0.90125,0.9015,1.00,1.00
2017.09.21 19:49:04.929,0.90126,0.9015,1.00,1.00
2017.09.21 19:49:06.123,0.90126,0.90151,1.00,1.00
2017.09.21 19:49:07.797,0.90126,0.9015,1.00,1.00
2017.09.21 19:49:19.911,0.90125,0.9015,1.00,1.00
2017.09.21 19:49:20.449,0.90126,0.9015,1.00,1.00
2017.09.21 19:49:27.356,0.90125,0.90149,1.00,1.00
2017.09.21 19:49:27.990,0.90124,0.90148,1.00,1.00
2017.09.21 19:49:28.375,0.90122,0.90148,1.00,1.00
2017.09.21 19:49:28.665,0.90124,0.9015,1.00,1.00
2017.09.21 19:49:29.678,0.90123,0.9015,1.00,1.00
2017.09.21 19:49:30.021,0.90125,0.90152,1.00,1.50
2017.09.21 19:49:30.790,0.90127,0.90151,1.00,1.12
2017.09.21 19:49:44.190,0.90122,0.9015,1.50,1.00
2017.09.21 19:49:45.052,0.90122,0.90149,1.00,1.00
2017.09.21 19:49:45.595,0.90122,0.90148,1.00,1.50
2017.09.21 19:49:49.981,0.90122,0.90147,1.50,1.00
2017.09.21 19:50:00.533,0.90122,0.90146,1.00,1.00
2017.09.21 19:50:08.140,0.90123,0.90147,1.00,1.00
2017.09.21 19:50:11.262,0.90122,0.90147,1.50,1.00
2017.09.21 19:50:11.312,0.90122,0.90143,1.00,1.00
2017.09.21 19:50:11.414,0.90118,0.90142,1.00,1.00
2017.09.21 19:50:11.464,0.9012,0.90144,1.00,1.00
2017.09.21 19:50:12.070,0.90122,0.90146,1.00,1.12
2017.09.21 19:50:14.038,0.90119,0.90142,1.50,1.00
2017.09.21 19:50:14.189,0.90118,0.90145,1.00,1.50
2017.09.21 19:50:14.323,0.90122,0.90146,1.00,1.75
2017.09.21 19:50:14.903,0.9012,0.90146,1.00,1.75
2017.09.21 19:50:15.477,0.9012,0.90146,1.00,1.00
2017.09.21 19:50:17.375,0.90121,0.90147,1.00,1.00
2017.09.21 19:50:17.712,0.90123,0.90147,1.00,1.00
2017.09.21 19:50:17.916,0.90123,0.90149,1.00,1.00
2017.09.21 19:50:18.084,0.90125,0.90149,1.00,1.00
2017.09.21 19:50:18.712,0.90124,0.90148,1.00,1.00
2017.09.21 19:50:19.459,0.90123,0.9015,1.00,1.00
2017.09.21 19:50:19.510,0.90126,0.9015,1.00,1.00
2017.09.21 19:50:19.611,0.90126,0.90152,1.00,1.00
2017.09.21 19:50:19.662,0.90128,0.90153,1.00,1.00
2017.09.21 19:50:20.031,0.90128,0.90155,1.00,1.00
2017.09.21 19:50:20.083,0.90131,0.90155,1.00,1.00
2017.09.21 19:50:20.386,0.90134,0.90158,1.00,1.50
2017.09.21 19:50:21.026,0.90134,0.90158,1.00,1.00
2017.09.21 19:50:21.221,0.90135,0.9016,1.00,1.00
2017.09.21 19:50:21.272,0.90137,0.90161,1.00,1.00
2017.09.21 19:50:23.131,0.90136,0.9016,1.00,1.00
2017.09.21 19:50:23.182,0.90136,0.90162,1.00,1.00
2017.09.21 19:50:23.283,0.90135,0.90159,1.00,1.00
2017.09.21 19:50:24.665,0.90133,0.90159,1.00,1.00
2017.09.21 19:50:26.145,0.90134,0.9016,1.00,1.00
2017.09.21 19:50:26.296,0.90137,0.90163,1.00,1.00
2017.09.21 19:50:26.952,0.90137,0.90161,1.00,1.00
2017.09.21 19:50:27.504,0.90136,0.9016,1.00,1.00
2017.09.21 19:50:30.243,0.90136,0.90161,1.00,1.00
2017.09.21 19:50:32.901,0.90136,0.9016,1.00,1.00
2017.09.21 19:50:35.642,0.90135,0.90159,1.50,1.00
2017.09.21 19:50:35.692,0.90135,0.90162,1.50,1.00
2017.09.21 19:50:36.214,0.90136,0.90162,1.00,1.00
2017.09.21 19:50:37.125,0.90136,0.90164,1.00,1.00
2017.09.21 19:50:37.681,0.90135,0.90164,1.00,1.00
2017.09.21 19:50:38.435,0.90136,0.90162,1.00,1.00
2017.09.21 19:50:39.423,0.90136,0.90164,1.00,1.00
2017.09.21 19:50:39.794,0.90136,0.90162,1.00,1.00
2017.09.21 19:50:40.387,0.90135,0.90162,1.00,1.00
2017.09.21 19:50:41.133,0.90136,0.90162,1.00,1.00
2017.09.21 19:50:44.239,0.90135,0.90161,1.00,1.00
2017.09.21 19:50:44.542,0.90131,0.90158,1.50,1.00
2017.09.21 19:50:45.322,0.90131,0.9016,2.25,1.00
2017.09.21 19:50:45.912,0.90132,0.9016,1.00,1.00
2017.09.21 19:50:45.964,0.90134,0.90158,1.00,1.00
2017.09.21 19:50:46.015,0.90134,0.90161,1.00,1.00
2017.09.21 19:50:46.117,0.90136,0.9016,1.00,1.00
2017.09.21 19:50:46.831,0.90137,0.9016,1.00,1.00
2017.09.21 19:50:51.639,0.90138,0.90163,1.00,1.00
2017.09.21 19:50:51.689,0.9014,0.90163,1.00,1.00
2017.09.21 19:50:52.204,0.9014,0.90164,1.00,1.00
2017.09.21 19:50:52.555,0.90137,0.90162,1.50,1.00
2017.09.21 19:50:52.732,0.90139,0.90162,1.00,1.00
2017.09.21 19:50:57.287,0.90137,0.90163,1.00,1.00
2017.09.21 19:50:57.338,0.90137,0.90159,1.50,1.00
2017.09.21 19:50:58.148,0.90136,0.90159,1.00,1.00
2017.09.21 19:51:04.009,0.90137,0.9016,1.00,1.00
2017.09.21 19:51:05.130,0.90136,0.90162,1.00,1.00
2017.09.21 19:51:14.184,0.90136,0.9016,1.00,1.00
2017.09.21 19:51:16.011,0.90136,0.90162,1.00,1.00
2017.09.21 19:51:29.961,0.90138,0.90164,1.00,1.00
2017.09.21 19:51:30.471,0.90138,0.90163,1.00,1.00
2017.09.21 19:51:33.457,0.90138,0.90161,1.00,1.00
2017.09.21 19:51:35.180,0.90137,0.90161,1.00,1.00
2017.09.21 19:51:40.921,0.90138,0.90163,1.00,1.00
2017.09.21 19:51:48.866,0.90139,0.90164,1.00,1.00
2017.09.21 19:51:50.091,0.90139,0.90163,1.00,1.00
2017.09.21 19:51:50.700,0.90138,0.90162,1.00,1.00
2017.09.21 19:51:58.459,0.90139,0.90162,1.00,1.00
2017.09.21 19:51:58.661,0.90137,0.9016,1.00,1.00
2017.09.21 19:52:06.189,0.90138,0.90162,1.00,1.00
2017.09.21 19:52:06.704,0.90139,0.90162,1.00,1.00
2017.09.21 19:52:10.913,0.90138,0.90164,1.00,1.00
2017.09.21 19:52:11.593,0.90133,0.90158,1.50,1.00
2017.09.21 19:52:12.413,0.90132,0.90157,1.00,1.00
2017.09.21 19:52:12.738,0.90131,0.90155,1.00,1.00
2017.09.21 19:52:12.839,0.90134,0.9016,1.00,1.00
2017.09.21 19:52:13.142,0.9014,0.90165,1.00,1.50
2017.09.21 19:52:13.981,0.90135,0.90164,1.00,1.00
2017.09.21 19:52:14.032,0.90135,0.90161,1.00,1.00
2017.09.21 19:52:15.993,0.90133,0.90161,1.50,1.00
2017.09.21 19:52:16.044,0.90132,0.90155,1.00,1.00
2017.09.21 19:52:16.145,0.9013,0.90155,1.00,1.00
2017.09.21 19:52:20.820,0.9013,0.90153,1.00,1.00
2017.09.21 19:52:21.946,0.90132,0.90155,1.00,1.00
2017.09.21 19:52:21.997,0.90132,0.90157,1.00,1.00
2017.09.21 19:52:27.585,0.90134,0.90157,1.00,1.00
2017.09.21 19:52:28.389,0.90132,0.90157,1.00,1.00
2017.09.21 19:52:28.491,0.9013,0.90155,1.00,1.00
2017.09.21 19:52:28.841,0.90129,0.90153,1.00,1.00
2017.09.21 19:52:29.945,0.90127,0.90153,1.00,1.00
2017.09.21 19:52:29.996,0.90127,0.90151,1.00,1.00
2017.09.21 19:52:30.833,0.90127,0.9015,1.00,1.00
2017.09.21 19:52:31.509,0.90125,0.90151,1.00,1.00
2017.09.21 19:52:35.300,0.90124,0.9015,1.00,1.00
2017.09.21 19:52:35.785,0.90123,0.90147,1.35,1.00
2017.09.21 19:52:41.862,0.9012,0.90146,1.75,1.00
2017.09.21 19:52:42.749,0.90123,0.90148,1.12,1.00
2017.09.21 19:52:43.338,0.90123,0.90147,1.12,1.00
2017.09.21 19:52:45.862,0.90123,0.90148,1.12,1.00
2017.09.21 19:52:46.808,0.90121,0.90145,1.00,1.00
2017.09.21 19:52:47.121,0.90123,0.90145,1.00,1.00
2017.09.21 19:52:47.239,0.90121,0.90145,1.00,1.00
2017.09.21 19:52:47.391,0.90122,0.90147,1.00,1.00
2017.09.21 19:52:49.986,0.9012,0.90147,3.00,1.00
2017.09.21 19:52:50.596,0.9012,0.90146,3.00,1.00
2017.09.21 19:52:50.879,0.90121,0.90148,1.12,1.00
2017.09.21 19:52:51.699,0.90122,0.90148,1.00,1.00
2017.09.21 19:52:52.415,0.90122,0.90146,1.50,1.00
2017.09.21 19:52:53.286,0.90124,0.90148,1.00,1.00
2017.09.21 19:52:53.337,0.90125,0.90151,1.50,1.00
2017.09.21 19:52:53.439,0.90127,0.90152,2.25,1.00
2017.09.21 19:52:53.884,0.90128,0.90154,1.00,1.00
2017.09.21 19:52:54.618,0.90128,0.90154,3.00,1.00
2017.09.21 19:52:57.028,0.90128,0.90154,2.25,1.00
2017.09.21 19:53:05.861,0.90128,0.90153,1.00,1.00
2017.09.21 19:53:07.384,0.90128,0.90155,1.50,1.00
2017.09.21 19:53:09.725,0.90129,0.90155,1.00,1.00
2017.09.21 19:53:10.782,0.90128,0.90155,2.62,1.00
2017.09.21 19:53:10.919,0.9013,0.90155,1.00,1.00
2017.09.21 19:53:11.253,0.90136,0.90158,1.50,1.00
2017.09.21 19:53:12.635,0.90136,0.90159,1.50,1.00
2017.09.21 19:53:14.857,0.90136,0.90158,1.50,1.00
2017.09.21 19:53:15.916,0.90136,0.9016,1.50,1.00
2017.09.21 19:53:16.570,0.90136,0.90158,1.50,1.00
2017.09.21 19:53:16.722,0.90125,0.9015,2.25,1.00
2017.09.21 19:53:21.459,0.90123,0.90148,1.00,1.00
2017.09.21 19:53:21.510,0.90122,0.90146,1.00,1.00
2017.09.21 19:53:21.561,0.9012,0.90146,1.00,1.00
2017.09.21 19:53:22.174,0.9012,0.90144,1.00,1.00
2017.09.21 19:53:22.441,0.90123,0.90149,1.50,1.00
2017.09.21 19:53:23.060,0.90125,0.90149,1.00,1.00
2017.09.21 19:53:23.606,0.90125,0.9015,1.00,1.00
2017.09.21 19:53:25.957,0.90125,0.90149,1.00,1.00
2017.09.21 19:53:28.823,0.90125,0.90151,1.00,1.00
2017.09.21 19:53:30.170,0.90128,0.90154,1.00,1.00
2017.09.21 19:53:30.952,0.90129,0.90154,1.50,1.00
2017.09.21 19:53:32.402,0.9013,0.90153,1.00,1.00
2017.09.21 19:53:32.604,0.90127,0.90152,1.00,1.00
2017.09.21 19:53:33.821,0.90131,0.90155,1.00,1.00
2017.09.21 19:53:33.872,0.90131,0.90157,1.00,1.00
2017.09.21 19:53:34.139,0.90133,0.90157,1.00,1.00
2017.09.21 19:53:35.419,0.90132,0.90157,2.25,1.00
2017.09.21 19:53:39.070,0.90132,0.9016,2.25,1.00
2017.09.21 19:53:39.609,0.90133,0.9016,1.50,1.00
2017.09.21 19:53:39.660,0.90136,0.90163,1.50,1.00
2017.09.21 19:53:39.963,0.90139,0.90164,1.00,1.00
2017.09.21 19:53:40.304,0.90132,0.90155,1.00,1.00
2017.09.21 19:53:40.405,0.90129,0.90155,1.50,1.00
2017.09.21 19:53:41.274,0.90132,0.90155,1.00,1.00
2017.09.21 19:53:44.478,0.90132,0.90156,1.50,1.00
2017.09.21 19:53:45.981,0.90132,0.90154,1.00,1.00
2017.09.21 19:53:49.970,0.90132,0.90157,1.00,1.00
2017.09.21 19:53:50.071,0.90135,0.90157,1.00,1.00
2017.09.21 19:53:50.809,0.90134,0.90157,1.50,1.00
2017.09.21 19:53:51.519,0.90135,0.90159,1.00,1.00
2017.09.21 19:54:00.037,0.90137,0.90159,1.00,1.00
2017.09.21 19:54:00.494,0.90137,0.90162,1.00,1.00
2017.09.21 19:54:01.012,0.90137,0.90161,1.00,1.00
2017.09.21 19:54:05.480,0.90137,0.90163,1.50,1.00
2017.09.21 19:54:05.981,0.90137,0.90161,1.50,1.00
2017.09.21 19:54:07.165,0.90137,0.9016,1.50,1.00
2017.09.21 19:54:07.216,0.90135,0.90159,1.00,1.00
2017.09.21 19:54:07.463,0.90133,0.90159,1.50,1.00
2017.09.21 19:54:08.008,0.90132,0.90159,1.00,1.00
2017.09.21 19:54:09.387,0.90132,0.90157,1.00,1.00
2017.09.21 19:54:09.989,0.90131,0.90155,1.50,1.00
2017.09.21 19:54:11.125,0.90131,0.90154,1.50,1.00
2017.09.21 19:54:11.327,0.90132,0.90156,1.00,1.00
2017.09.21 19:54:12.714,0.90134,0.90156,1.00,1.00
2017.09.21 19:54:12.765,0.90134,0.90159,1.00,1.00
2017.09.21 19:54:13.430,0.90135,0.90159,1.00,1.00
2017.09.21 19:54:14.299,0.90134,0.90159,1.50,1.00
2017.09.21 19:54:15.081,0.90135,0.90159,1.00,1.00
2017.09.21 19:54:15.591,0.90135,0.90158,1.00,1.00
2017.09.21 19:54:16.092,0.90135,0.90159,1.50,1.00
2017.09.21 19:54:18.882,0.90134,0.90159,1.50,1.00
2017.09.21 19:54:18.933,0.90135,0.90161,1.50,1.00
2017.09.21 19:54:19.034,0.90138,0.9016,1.00,1.00
2017.09.21 19:54:19.085,0.90138,0.90162,1.50,1.00
2017.09.21 19:54:19.237,0.90139,0.90164,1.00,1.00
2017.09.21 19:54:19.990,0.90139,0.90159,1.00,1.00
2017.09.21 19:54:20.142,0.90133,0.90156,1.50,1.00
2017.09.21 19:54:20.694,0.90134,0.90156,1.50,1.00
2017.09.21 19:54:30.571,0.90134,0.90157,1.50,1.00
2017.09.21 19:54:31.381,0.90134,0.90158,1.50,1.00
2017.09.21 19:54:32.309,0.90135,0.90158,1.00,1.00
2017.09.21 19:54:32.981,0.90135,0.90159,1.00,1.00
2017.09.21 19:54:35.813,0.90135,0.9016,1.00,1.00
2017.09.21 19:54:36.040,0.90135,0.90158,1.00,1.00
2017.09.21 19:54:37.406,0.90135,0.90159,1.50,1.00
2017.09.21 19:54:40.445,0.90134,0.90157,1.50,1.00
2017.09.21 19:54:40.976,0.90135,0.90157,1.00,1.00
2017.09.21 19:54:47.922,0.90135,0.90156,1.00,1.00
2017.09.21 19:54:49.589,0.90132,0.90156,1.50,1.00
2017.09.21 19:54:49.640,0.90132,0.90154,1.00,1.00
2017.09.21 19:54:51.071,0.90131,0.90154,1.50,1.00
2017.09.21 19:54:52.827,0.90129,0.90154,1.50,1.00
2017.09.21 19:54:54.712,0.90129,0.90153,1.50,1.00
2017.09.21 19:54:55.613,0.90129,0.90154,1.50,1.00
2017.09.21 19:54:56.281,0.9013,0.90154,1.00,1.00
2017.09.21 19:54:56.900,0.90129,0.90152,1.00,1.00
2017.09.21 19:54:57.601,0.90128,0.90152,1.50,1.00
2017.09.21 19:54:58.132,0.90128,0.90153,1.50,1.00
2017.09.21 19:54:58.922,0.90129,0.90153,1.00,1.00
2017.09.21 19:54:59.439,0.9013,0.90154,1.00,1.00
2017.09.21 19:55:00.133,0.90132,0.90154,1.00,1.00
2017.09.21 19:55:00.184,0.90132,0.90156,1.50,1.00
2017.09.21 19:55:01.132,0.90132,0.90155,1.00,1.00
2017.09.21 19:55:01.755,0.90132,0.90156,1.50,1.00
2017.09.21 19:55:01.957,0.90132,0.90158,1.00,1.00
2017.09.21 19:55:02.109,0.90133,0.90156,1.50,1.00
2017.09.21 19:55:02.160,0.90133,0.90159,1.50,1.00
2017.09.21 19:55:04.111,0.90132,0.9016,1.50,1.00
2017.09.21 19:55:04.414,0.90132,0.90158,1.50,1.00
2017.09.21 19:55:04.942,0.90133,0.90158,1.50,1.00
2017.09.21 19:55:05.609,0.90133,0.90157,1.50,1.00
2017.09.21 19:55:06.254,0.90132,0.90156,1.50,1.00
2017.09.21 19:55:07.063,0.90132,0.90157,1.50,1.00
2017.09.21 19:55:07.164,0.90133,0.90159,1.00,1.00
2017.09.21 19:55:07.663,0.90132,0.90157,2.25,1.00
2017.09.21 19:55:08.223,0.90133,0.90157,1.00,1.00
2017.09.21 19:55:08.576,0.90133,0.90152,1.00,1.00
2017.09.21 19:55:08.677,0.90127,0.9015,1.50,1.00
2017.09.21 19:55:16.071,0.90127,0.90151,1.00,1.00
2017.09.21 19:55:18.146,0.90126,0.90151,1.50,1.00
2017.09.21 19:55:18.853,0.90127,0.90151,1.00,1.00
2017.09.21 19:55:20.082,0.90126,0.90151,1.00,1.00
2017.09.21 19:55:20.632,0.90126,0.9015,1.00,1.00
2017.09.21 19:55:21.182,0.90125,0.90149,1.00,1.00
2017.09.21 19:55:22.071,0.90125,0.90151,1.00,1.00
2017.09.21 19:55:22.837,0.90125,0.9015,1.00,1.00
2017.09.21 19:55:25.391,0.90125,0.90151,1.00,1.00
2017.09.21 19:55:27.529,0.90125,0.90149,1.00,1.00
2017.09.21 19:55:28.067,0.90126,0.90149,1.50,1.00
2017.09.21 19:55:28.450,0.90128,0.90151,1.00,1.00
2017.09.21 19:55:29.032,0.90127,0.90152,1.50,1.00
2017.09.21 19:55:38.774,0.90128,0.90152,1.00,1.00
2017.09.21 19:55:39.064,0.90129,0.90154,1.00,1.00
2017.09.21 19:55:39.625,0.9013,0.90154,1.00,1.00
2017.09.21 19:55:40.163,0.90129,0.90154,1.50,1.00
2017.09.21 19:55:40.705,0.90128,0.90153,2.25,1.00
2017.09.21 19:55:41.911,0.90127,0.90148,1.50,1.00
2017.09.21 19:55:42.013,0.90125,0.90148,1.00,1.00
2017.09.21 19:55:43.749,0.90123,0.90147,1.00,1.00
2017.09.21 19:55:44.335,0.90122,0.90147,2.25,1.00
2017.09.21 19:55:46.273,0.90123,0.90147,1.00,1.00
2017.09.21 19:55:56.617,0.9012,0.90146,1.00,1.00
2017.09.21 19:55:56.718,0.90122,0.90145,1.00,1.00
2017.09.21 19:55:59.521,0.9012,0.90146,1.00,1.00
2017.09.21 19:56:01.254,0.90119,0.90144,1.00,1.00
2017.09.21 19:56:01.893,0.90118,0.90142,1.00,1.00
2017.09.21 19:56:04.638,0.90119,0.90145,1.00,1.00
2017.09.21 19:56:05.721,0.9012,0.90146,1.00,1.00
2017.09.21 19:56:06.223,0.90119,0.90145,1.00,1.00
2017.09.21 19:56:10.537,0.90119,0.90143,1.00,1.00
2017.09.21 19:56:11.207,0.90119,0.90142,1.00,1.00
2017.09.21 19:56:15.783,0.90118,0.90142,1.00,1.00
2017.09.21 19:56:16.284,0.90119,0.90143,1.00,1.00
2017.09.21 19:56:20.244,0.9012,0.90144,1.00,1.00
2017.09.21 19:56:20.752,0.90118,0.90142,1.00,1.00
2017.09.21 19:56:21.302,0.90118,0.90141,1.00,1.00
2017.09.21 19:56:30.002,0.90118,0.90142,1.00,1.00
2017.09.21 19:56:30.812,0.90117,0.90142,1.00,1.00
2017.09.21 19:56:32.641,0.90118,0.90143,1.00,1.00
2017.09.21 19:56:39.856,0.90121,0.90143,1.00,1.00
2017.09.21 19:56:42.397,0.90122,0.90144,1.00,1.00
2017.09.21 19:56:46.343,0.90121,0.90144,1.00,1.00
2017.09.21 19:56:47.096,0.90123,0.90146,1.00,1.00
2017.09.21 19:56:51.841,0.90124,0.90147,1.00,1.00
2017.09.21 19:56:56.125,0.90122,0.90147,1.00,1.00
2017.09.21 19:57:03.480,0.9012,0.90145,1.00,1.00
2017.09.21 19:57:05.867,0.90121,0.90143,1.00,1.00
2017.09.21 19:57:08.031,0.90117,0.90139,1.00,1.00
2017.09.21 19:57:08.132,0.90114,0.90137,1.00,1.00
2017.09.21 19:57:08.284,0.90117,0.90139,1.00,1.00
2017.09.21 19:57:08.816,0.90115,0.9014,1.00,1.00
2017.09.21 19:57:08.867,0.90115,0.90138,1.50,1.00
2017.09.21 19:57:08.918,0.90113,0.90138,1.00,1.00
2017.09.21 19:57:09.478,0.90112,0.90137,1.00,1.00
2017.09.21 19:57:18.783,0.90114,0.90137,1.00,1.00
2017.09.21 19:57:19.086,0.9011,0.90133,1.00,1.00
2017.09.21 19:57:19.339,0.90106,0.90133,1.00,1.00
2017.09.21 19:57:19.865,0.90106,0.90132,1.00,1.00
2017.09.21 19:57:20.682,0.90107,0.90134,1.00,1.00
2017.09.21 19:57:20.794,0.90105,0.90133,1.00,1.00
2017.09.21 19:57:21.373,0.90105,0.90134,1.50,1.00
2017.09.21 19:57:23.897,0.90105,0.90129,1.00,1.00
2017.09.21 19:57:24.506,0.90106,0.9013,1.00,1.00
2017.09.21 19:57:27.864,0.90104,0.90127,1.00,1.00
2017.09.21 19:57:28.170,0.90104,0.90129,1.00,1.00
2017.09.21 19:57:28.220,0.90101,0.90126,1.50,1.00
2017.09.21 19:57:28.523,0.90104,0.90129,3.00,1.00
2017.09.21 19:57:31.536,0.90106,0.90132,1.00,1.00
2017.09.21 19:57:31.587,0.90104,0.9013,3.00,1.00
2017.09.21 19:57:32.019,0.90106,0.9013,1.00,1.00
2017.09.21 19:57:32.618,0.90106,0.90131,1.00,1.00
2017.09.21 19:57:34.684,0.90106,0.9013,1.00,1.00
2017.09.21 19:57:34.786,0.90107,0.90133,1.00,1.00
2017.09.21 19:57:34.938,0.90106,0.90131,1.00,1.00
2017.09.21 19:57:35.314,0.90111,0.90133,1.00,1.00
2017.09.21 19:57:35.365,0.90111,0.90135,1.00,1.00
2017.09.21 19:57:36.402,0.90111,0.90136,1.00,1.00
2017.09.21 19:57:37.073,0.90112,0.90137,1.00,1.00
2017.09.21 19:57:39.490,0.90114,0.90137,1.00,1.00
2017.09.21 19:57:39.872,0.90112,0.90137,2.25,1.00
2017.09.21 19:57:41.006,0.90115,0.90138,1.00,1.00
2017.09.21 19:57:41.107,0.90117,0.90142,1.00,1.50
2017.09.21 19:57:41.158,0.90112,0.90135,2.25,1.00
2017.09.21 19:57:44.991,0.90113,0.90136,1.00,1.00
2017.09.21 19:57:45.604,0.90112,0.90135,1.00,1.00
2017.09.21 19:57:45.705,0.9011,0.90134,1.00,1.00
2017.09.21 19:57:46.514,0.90109,0.90134,1.50,1.00
2017.09.21 19:57:47.521,0.9011,0.90134,1.00,1.00
2017.09.21 19:57:47.839,0.9011,0.90136,1.00,1.00
2017.09.21 19:57:47.940,0.90113,0.90137,1.00,1.00
2017.09.21 19:57:47.991,0.90113,0.90139,1.50,1.00
2017.09.21 19:57:48.142,0.90115,0.90139,1.00,1.00
2017.09.21 19:57:48.678,0.90114,0.9014,1.00,1.00
2017.09.21 19:57:49.753,0.90115,0.90141,1.00,1.00
2017.09.21 19:57:50.697,0.90118,0.90141,1.00,1.00
2017.09.21 19:57:51.432,0.90119,0.90142,1.00,1.00
2017.09.21 19:57:53.259,0.90117,0.90141,1.00,1.00
2017.09.21 19:57:54.124,0.90119,0.90141,1.00,1.00
2017.09.21 19:57:54.815,0.9012,0.90142,1.00,1.00
2017.09.21 19:57:55.024,0.9012,0.90144,1.00,1.00
2017.09.21 19:57:55.075,0.90118,0.90142,1.00,1.00
2017.09.21 19:57:55.724,0.90119,0.90143,1.00,1.00
2017.09.21 19:57:56.925,0.90117,0.90141,1.00,1.00
2017.09.21 19:57:57.026,0.90113,0.90143,2.25,1.00
2017.09.21 19:57:57.077,0.90113,0.90137,2.25,1.00
2017.09.21 19:57:57.128,0.90115,0.90141,1.00,1.00
2017.09.21 19:57:57.323,0.90113,0.9014,1.00,1.00
2017.09.21 19:57:57.475,0.90118,0.90142,1.00,1.00
2017.09.21 19:57:57.778,0.9012,0.90146,1.00,1.50
2017.09.21 19:57:59.494,0.9012,0.90143,1.00,1.00
2017.09.21 19:58:00.092,0.90119,0.90142,1.00,1.00
2017.09.21 19:58:00.769,0.9012,0.90143,1.00,1.00
2017.09.21 19:58:01.542,0.90121,0.90143,1.00,1.00
2017.09.21 19:58:02.941,0.90121,0.90145,1.00,1.00
2017.09.21 19:58:04.291,0.90121,0.90144,1.00,1.00
2017.09.21 19:58:04.392,0.90119,0.90142,1.00,1.00
2017.09.21 19:58:04.969,0.90119,0.90143,1.00,1.00
2017.09.21 19:58:06.632,0.9012,0.90143,1.00,1.00
2017.09.21 19:58:07.340,0.90121,0.90144,1.00,1.00
2017.09.21 19:58:08.065,0.90122,0.90145,1.00,1.00
2017.09.21 19:58:09.954,0.90122,0.90148,1.00,1.00
2017.09.21 19:58:10.342,0.90121,0.90145,1.00,1.00
2017.09.21 19:58:12.679,0.90122,0.90146,1.00,1.00
2017.09.21 19:58:14.555,0.90123,0.90146,1.00,1.00
2017.09.21 19:58:14.897,0.90121,0.90144,1.00,1.00
2017.09.21 19:58:15.541,0.90119,0.90144,1.50,1.00
2017.09.21 19:58:15.592,0.90121,0.90147,1.00,1.00
2017.09.21 19:58:16.050,0.90122,0.90145,1.00,1.00
2017.09.21 19:58:18.462,0.90124,0.90147,1.00,1.00
2017.09.21 19:58:19.215,0.90123,0.90145,1.00,1.00
2017.09.21 19:58:19.740,0.90122,0.90145,1.00,1.00
2017.09.21 19:58:21.514,0.9012,0.90143,1.50,1.00
2017.09.21 19:58:22.039,0.90119,0.90144,1.00,1.00
2017.09.21 19:58:22.342,0.90121,0.90146,1.00,1.00
2017.09.21 19:58:24.840,0.90123,0.90146,1.00,1.00
2017.09.21 19:58:26.098,0.90123,0.90148,1.00,1.00
2017.09.21 19:58:27.051,0.90124,0.90149,1.00,1.00
2017.09.21 19:58:31.155,0.90126,0.90148,1.00,1.00
2017.09.21 19:58:31.723,0.90125,0.90148,1.00,1.00
2017.09.21 19:58:34.864,0.90123,0.90148,1.50,1.00
2017.09.21 19:58:36.153,0.9013,0.90155,1.00,1.00
2017.09.21 19:58:36.455,0.90125,0.90149,2.25,1.00
2017.09.21 19:58:37.639,0.90125,0.90151,2.25,1.00
2017.09.21 19:58:37.689,0.90128,0.90154,1.50,1.00
2017.09.21 19:58:37.993,0.90131,0.90153,1.00,1.00
2017.09.21 19:58:39.273,0.9013,0.90155,1.50,1.00
2017.09.21 19:58:39.974,0.90129,0.90155,1.00,1.00
2017.09.21 19:58:40.404,0.90128,0.90153,2.25,1.00
2017.09.21 19:58:40.606,0.90125,0.90151,1.50,1.00
2017.09.21 19:58:40.743,0.90125,0.90149,1.50,1.00
2017.09.21 19:58:42.149,0.90125,0.90151,1.00,1.00
2017.09.21 19:58:43.850,0.90126,0.90151,1.00,1.00
2017.09.21 19:58:46.082,0.90127,0.90151,1.00,1.00
2017.09.21 19:58:46.676,0.90126,0.90153,1.00,1.00
2017.09.21 19:58:47.792,0.90128,0.90153,1.00,1.00
2017.09.21 19:58:48.614,0.90127,0.90153,2.25,1.00
2017.09.21 19:58:49.804,0.90128,0.90153,1.00,1.00
2017.09.21 19:58:50.149,0.90128,0.90151,1.00,1.00
2017.09.21 19:58:52.446,0.90127,0.90151,2.25,1.00
2017.09.21 19:58:52.994,0.90132,0.90156,1.00,1.00
2017.09.21 19:58:53.146,0.90133,0.90158,1.00,1.00
2017.09.21 19:58:54.589,0.90134,0.90159,1.00,1.00
2017.09.21 19:58:54.791,0.90137,0.90161,1.00,1.00
2017.09.21 19:58:54.842,0.90135,0.90161,1.50,1.00
2017.09.21 19:58:56.812,0.90134,0.9016,1.00,1.00
2017.09.21 19:58:57.016,0.90134,0.90158,1.00,1.00
2017.09.21 19:58:57.543,0.90133,0.90156,1.00,1.00
2017.09.21 19:58:57.695,0.90133,0.90158,1.00,1.00
2017.09.21 19:58:58.050,0.90133,0.90156,1.00,1.00
2017.09.21 19:58:58.101,0.90133,0.90158,1.00,1.00
2017.09.21 19:58:58.617,0.90134,0.90158,1.00,1.00
2017.09.21 19:58:58.820,0.9014,0.90162,1.00,1.00
2017.09.21 19:58:58.983,0.90136,0.9016,1.00,1.00
2017.09.21 19:58:59.034,0.90134,0.90159,1.00,1.00
2017.09.21 19:59:00.029,0.90133,0.90158,1.00,1.00
2017.09.21 19:59:00.130,0.90133,0.90156,1.00,1.00
2017.09.21 19:59:00.666,0.90132,0.90155,1.00,1.00
2017.09.21 19:59:01.029,0.90134,0.90157,1.00,1.00
2017.09.21 19:59:05.444,0.90133,0.90156,1.00,1.00
2017.09.21 19:59:06.124,0.90132,0.90157,1.00,1.00
2017.09.21 19:59:06.665,0.90131,0.90156,1.00,1.00
2017.09.21 19:59:07.113,0.90134,0.90157,1.00,1.00
2017.09.21 19:59:07.250,0.90132,0.90157,1.00,1.00
2017.09.21 19:59:10.086,0.90131,0.90156,1.00,1.00
2017.09.21 19:59:10.136,0.90128,0.9015,1.00,1.00
2017.09.21 19:59:10.238,0.90123,0.90146,1.00,1.00
2017.09.21 19:59:10.339,0.90124,0.90149,1.00,1.00
2017.09.21 19:59:10.440,0.90126,0.90148,1.00,1.00
2017.09.21 19:59:12.716,0.90126,0.90149,1.00,1.00
2017.09.21 19:59:12.817,0.90126,0.90151,1.00,1.00
2017.09.21 19:59:13.015,0.90128,0.9015,1.00,1.00
2017.09.21 19:59:14.138,0.90128,0.90151,1.00,1.00
2017.09.21 19:59:14.376,0.90127,0.90153,1.00,1.50
2017.09.21 19:59:14.477,0.9013,0.90152,1.00,1.00
2017.09.21 19:59:14.891,0.90131,0.90154,1.00,1.00
2017.09.21 19:59:15.367,0.90129,0.90155,1.00,1.00
2017.09.21 19:59:15.468,0.90128,0.90152,1.50,1.00
2017.09.21 19:59:15.519,0.90126,0.90152,1.00,1.00
2017.09.21 19:59:15.772,0.90126,0.9015,1.00,1.00
2017.09.21 19:59:19.340,0.90126,0.90152,1.00,1.00
2017.09.21 19:59:19.441,0.9013,0.90156,1.00,1.00
2017.09.21 19:59:19.917,0.90129,0.90154,1.00,1.00
2017.09.21 19:59:21.161,0.90129,0.90155,1.00,1.00
2017.09.21 19:59:21.663,0.90129,0.90154,1.00,1.00
2017.09.21 19:59:25.403,0.90129,0.90155,1.00,1.00
2017.09.21 19:59:26.192,0.90128,0.90153,1.00,1.00
2017.09.21 19:59:26.493,0.90126,0.9015,1.00,1.00
2017.09.21 19:59:29.240,0.90127,0.90152,1.00,1.00
2017.09.21 19:59:29.391,0.9013,0.90155,1.00,1.00
2017.09.21 19:59:29.948,0.90129,0.90155,1.00,1.00
2017.09.21 19:59:30.151,0.90125,0.90152,1.00,1.00
2017.09.21 19:59:30.303,0.90128,0.90152,1.00,1.00
2017.09.21 19:59:30.706,0.9013,0.90153,1.00,1.00
2017.09.21 19:59:31.481,0.90131,0.90153,1.00,1.00
2017.09.21 19:59:32.030,0.90131,0.90154,1.00,1.00
2017.09.21 19:59:32.382,0.90129,0.90152,1.00,1.00
2017.09.21 19:59:32.965,0.90128,0.90151,1.00,1.00
2017.09.21 19:59:34.215,0.90129,0.90152,1.00,1.00
2017.09.21 19:59:34.417,0.9013,0.90155,1.00,1.00
