2017.03.28 17:00:02.144,0.93865,0.93891,1.00,1.00
2017.03.28 17:00:02.650,0.93865,0.9389,1.00,1.00
2017.03.28 17:00:02.901,0.93867,0.93891,1.00,1.00
2017.03.28 17:00:04.810,0.93864,0.93889,1.00,1.00
2017.03.28 17:00:05.404,0.93863,0.93889,1.00,1.00
2017.03.28 17:00:09.054,0.93863,0.93888,1.00,1.00
2017.03.28 17:00:11.488,0.93865,0.93888,1.00,1.00
2017.03.28 17:00:12.589,0.93864,0.9389,1.00,1.00
2017.03.28 17:00:16.696,0.93866,0.93889,1.00,1.00
2017.03.28 17:00:24.121,0.93865,0.93889,1.00,1.00
2017.03.28 17:00:25.085,0.93864,0.93889,1.00,1.00
2017.03.28 17:00:27.862,0.93866,0.93889,1.00,1.00
2017.03.28 17:00:28.869,0.93866,0.93891,1.00,1.00
2017.03.28 17:00:35.307,0.93864,0.93889,1.00,1.00
2017.03.28 17:00:35.830,0.93865,0.93889,1.00,1.00
2017.03.28 17:00:36.461,0.93866,0.93889,1.00,1.00
2017.03.28 17:00:38.607,0.93865,0.9389,1.00,1.00
2017.03.28 17:00:38.910,0.93868,0.93891,1.00,1.00
2017.03.28 17:00:38.960,0.93865,0.93891,1.00,1.00
2017.03.28 17:00:39.616,0.93867,0.93891,1.00,1.00
2017.03.28 17:00:39.910,0.93868,0.93893,1.00,1.50
2017.03.28 17:00:40.212,0.93871,0.93894,1.00,1.00
2017.03.28 17:00:40.877,0.93872,0.93895,1.00,1.00
2017.03.28 17:00:41.427,0.93873,0.93896,1.00,1.00
2017.03.28 17:00:41.880,0.93872,0.93898,1.00,1.00
2017.03.28 17:00:44.208,0.93873,0.93898,1.00,1.00
2017.03.28 17:00:44.309,0.93875,0.93898,1.00,1.00
2017.03.28 17:00:45.828,0.93874,0.93898,1.00,1.00
2017.03.28 17:00:46.649,0.93873,0.93897,1.00,1.00
2017.03.28 17:00:52.412,0.93874,0.93898,1.00,1.00
2017.03.28 17:00:52.923,0.93875,0.93899,1.00,1.00
2017.03.28 17:00:53.511,0.93877,0.93902,1.00,1.50
2017.03.28 17:00:53.813,0.93876,0.93899,1.00,1.00
2017.03.28 17:00:54.674,0.93877,0.939,1.00,1.00
2017.03.28 17:00:57.614,0.93878,0.93901,1.00,1.00
2017.03.28 17:00:58.081,0.93877,0.93903,1.00,1.00
2017.03.28 17:00:59.080,0.93878,0.93904,1.00,1.00
2017.03.28 17:00:59.885,0.93879,0.93904,1.00,1.00
2017.03.28 17:00:59.936,0.93881,0.93904,1.00,1.00
2017.03.28 17:01:00.037,0.93882,0.93906,1.00,1.00
2017.03.28 17:01:00.238,0.93884,0.93907,1.00,1.00
2017.03.28 17:01:00.892,0.93885,0.93908,1.00,1.00
2017.03.28 17:01:01.529,0.93882,0.93905,1.00,1.00
2017.03.28 17:01:02.110,0.93879,0.93905,1.00,1.00
2017.03.28 17:01:02.312,0.93879,0.93902,1.00,1.00
2017.03.28 17:01:02.807,0.93879,0.93904,1.00,1.00
2017.03.28 17:01:04.063,0.93879,0.93903,1.00,1.00
2017.03.28 17:01:05.950,0.93878,0.93903,1.00,1.00
2017.03.28 17:01:06.952,0.93878,0.93902,1.00,1.00
2017.03.28 17:01:07.834,0.9388,0.93903,1.00,1.00
2017.03.28 17:01:08.515,0.93879,0.93902,1.00,1.00
2017.03.28 17:01:09.675,0.93879,0.93903,1.00,1.50
2017.03.28 17:01:13.301,0.9388,0.93903,1.00,1.00
2017.03.28 17:01:15.312,0.9388,0.93904,1.00,1.50
2017.03.28 17:01:15.574,0.93877,0.93903,1.00,1.00
2017.03.28 17:01:15.739,0.9388,0.93903,1.00,1.00
2017.03.28 17:01:16.018,0.93875,0.939,1.00,1.00
2017.03.28 17:01:16.169,0.93873,0.93897,1.00,1.00
2017.03.28 17:01:16.470,0.93878,0.93901,1.00,1.50
2017.03.28 17:01:17.447,0.93877,0.93903,1.00,1.50
2017.03.28 17:01:21.134,0.93877,0.939,1.00,1.00
2017.03.28 17:01:22.111,0.93876,0.939,1.00,1.00
2017.03.28 17:01:27.982,0.93876,0.93901,1.00,1.00
2017.03.28 17:01:28.483,0.93878,0.93901,1.00,1.00
2017.03.28 17:01:28.808,0.93875,0.93901,1.00,1.00
2017.03.28 17:01:31.895,0.93878,0.93901,1.00,1.00
2017.03.28 17:01:35.752,0.93877,0.939,1.00,1.00
2017.03.28 17:01:35.953,0.93876,0.93902,1.00,1.00
2017.03.28 17:01:37.778,0.93878,0.93902,1.00,1.00
2017.03.28 17:01:37.929,0.93879,0.93904,1.00,1.00
2017.03.28 17:01:37.980,0.93881,0.93904,1.00,1.00
2017.03.28 17:01:39.073,0.9388,0.93903,1.00,1.00
2017.03.28 17:01:39.861,0.93877,0.939,1.00,1.00
2017.03.28 17:01:39.911,0.93873,0.93897,1.00,1.00
2017.03.28 17:01:39.962,0.93872,0.93895,1.50,1.00
2017.03.28 17:01:40.870,0.9387,0.93895,1.00,1.00
2017.03.28 17:01:41.512,0.93871,0.93895,1.00,1.00
2017.03.28 17:01:42.016,0.9387,0.93894,1.00,1.00
2017.03.28 17:01:42.067,0.93868,0.93893,1.00,1.00
2017.03.28 17:01:42.589,0.93869,0.93894,1.00,1.00
2017.03.28 17:01:43.545,0.93867,0.93894,1.00,1.00
2017.03.28 17:01:44.355,0.93869,0.93893,1.00,1.00
2017.03.28 17:01:45.223,0.9387,0.93893,1.00,1.00
2017.03.28 17:01:46.969,0.93869,0.93893,1.00,1.00
2017.03.28 17:01:48.744,0.93866,0.93892,1.00,1.00
2017.03.28 17:01:48.795,0.93864,0.9389,1.50,1.00
2017.03.28 17:01:49.148,0.93863,0.93887,1.00,1.00
2017.03.28 17:01:50.720,0.9386,0.93883,1.00,1.00
2017.03.28 17:01:51.712,0.93858,0.93883,1.00,1.00
2017.03.28 17:01:53.152,0.9386,0.93884,1.00,1.00
2017.03.28 17:01:53.562,0.93859,0.93882,1.00,1.00
2017.03.28 17:01:54.479,0.93858,0.93883,1.00,1.00
2017.03.28 17:01:54.529,0.93859,0.93885,1.00,1.00
2017.03.28 17:01:54.691,0.93861,0.93885,1.00,1.00
2017.03.28 17:01:54.742,0.9386,0.93887,1.00,1.00
2017.03.28 17:01:54.792,0.93861,0.93885,1.00,1.00
2017.03.28 17:01:56.898,0.93859,0.93883,1.00,1.00
2017.03.28 17:01:57.194,0.93857,0.93882,1.00,1.00
2017.03.28 17:01:58.543,0.93858,0.93882,1.00,1.00
2017.03.28 17:02:00.296,0.93859,0.93884,1.00,1.00
2017.03.28 17:02:01.977,0.9386,0.93884,1.00,1.00
2017.03.28 17:02:06.695,0.93861,0.93885,1.00,1.00
2017.03.28 17:02:07.170,0.93865,0.93889,1.00,1.00
2017.03.28 17:02:07.472,0.93868,0.93891,1.00,1.00
2017.03.28 17:02:07.898,0.9387,0.93893,1.00,1.00
2017.03.28 17:02:08.041,0.93871,0.93895,1.00,1.00
2017.03.28 17:02:08.264,0.93874,0.93897,1.00,1.00
2017.03.28 17:02:09.795,0.93872,0.93898,1.00,1.00
2017.03.28 17:02:13.280,0.93872,0.93897,1.00,1.00
2017.03.28 17:02:14.117,0.93874,0.93897,1.00,1.00
2017.03.28 17:02:14.673,0.93873,0.93896,1.00,1.00
2017.03.28 17:02:16.001,0.93874,0.93898,1.00,1.00
2017.03.28 17:02:16.316,0.93876,0.939,1.00,1.00
2017.03.28 17:02:16.625,0.93875,0.93898,1.00,1.00
2017.03.28 17:02:16.704,0.93873,0.93897,1.00,1.00
2017.03.28 17:02:17.230,0.93875,0.93899,1.00,1.00
2017.03.28 17:02:18.514,0.93876,0.93899,1.00,1.00
2017.03.28 17:02:19.911,0.93878,0.93901,1.00,1.00
2017.03.28 17:02:21.462,0.93877,0.939,1.00,1.00
2017.03.28 17:02:24.824,0.93876,0.939,1.00,1.00
2017.03.28 17:02:28.102,0.93877,0.939,1.00,1.00
2017.03.28 17:02:28.607,0.93877,0.93902,1.00,1.00
2017.03.28 17:02:28.801,0.93876,0.939,1.00,1.00
2017.03.28 17:02:30.247,0.93878,0.93903,1.00,1.00
2017.03.28 17:02:30.426,0.93877,0.93901,1.00,1.00
2017.03.28 17:02:32.389,0.93875,0.939,1.00,1.00
2017.03.28 17:02:34.063,0.93874,0.93898,1.00,1.00
2017.03.28 17:02:39.354,0.93874,0.93897,1.00,1.00
2017.03.28 17:02:40.355,0.93873,0.93899,1.00,1.00
2017.03.28 17:02:40.570,0.93875,0.939,1.00,1.00
2017.03.28 17:02:41.414,0.93878,0.93901,1.00,1.00
2017.03.28 17:02:42.770,0.93881,0.93904,1.00,1.00
2017.03.28 17:02:43.795,0.9388,0.93903,1.00,1.00
2017.03.28 17:02:44.386,0.93881,0.93907,1.00,1.00
2017.03.28 17:02:45.179,0.93881,0.93905,1.00,1.00
2017.03.28 17:02:45.493,0.93879,0.93903,1.00,1.00
2017.03.28 17:02:46.415,0.9388,0.93905,1.00,1.00
2017.03.28 17:02:47.323,0.93882,0.93907,1.00,1.00
2017.03.28 17:02:53.568,0.93882,0.93905,1.00,1.00
2017.03.28 17:02:54.378,0.9388,0.93904,1.00,1.00
2017.03.28 17:02:54.479,0.93878,0.93904,1.00,1.00
2017.03.28 17:02:55.437,0.93879,0.93904,1.00,1.00
2017.03.28 17:02:58.663,0.93881,0.93904,1.00,1.00
2017.03.28 17:02:59.435,0.93883,0.93907,1.00,1.00
2017.03.28 17:03:00.390,0.93884,0.93907,1.00,1.00
2017.03.28 17:03:09.915,0.93882,0.93908,1.00,1.00
2017.03.28 17:03:13.195,0.93882,0.93907,1.00,1.00
2017.03.28 17:03:24.444,0.93883,0.93907,1.00,1.00
2017.03.28 17:03:24.982,0.93884,0.93908,1.00,1.00
2017.03.28 17:03:28.222,0.93883,0.93908,1.00,1.00
2017.03.28 17:03:39.474,0.93883,0.93909,1.00,1.00
2017.03.28 17:03:43.252,0.93884,0.93907,1.00,1.00
2017.03.28 17:03:44.255,0.93883,0.93909,1.00,1.00
2017.03.28 17:03:45.361,0.93883,0.93907,1.00,1.00
2017.03.28 17:03:45.663,0.93882,0.93905,1.00,1.00
2017.03.28 17:03:46.356,0.93881,0.93904,1.00,1.00
2017.03.28 17:03:47.861,0.93881,0.93905,1.00,1.00
2017.03.28 17:03:49.111,0.93883,0.93908,1.00,1.00
2017.03.28 17:03:50.094,0.93885,0.93908,1.00,1.00
2017.03.28 17:03:51.113,0.93885,0.9391,1.00,1.50
2017.03.28 17:03:53.894,0.93885,0.93908,1.00,1.00
2017.03.28 17:03:54.096,0.93879,0.93906,1.50,1.00
2017.03.28 17:03:54.989,0.93878,0.93903,1.00,1.00
2017.03.28 17:03:57.313,0.93879,0.93904,1.00,1.00
2017.03.28 17:03:58.490,0.9388,0.93904,1.00,1.00
2017.03.28 17:03:59.009,0.9388,0.93905,1.00,1.00
2017.03.28 17:03:59.765,0.93881,0.93905,1.00,1.00
2017.03.28 17:04:00.315,0.9388,0.93905,1.00,1.00
2017.03.28 17:04:01.098,0.9388,0.93903,1.00,1.00
2017.03.28 17:04:01.318,0.93879,0.93905,1.00,1.00
2017.03.28 17:04:01.843,0.93881,0.93904,1.00,1.00
2017.03.28 17:04:02.795,0.93882,0.93905,1.00,1.00
2017.03.28 17:04:03.707,0.93881,0.93904,1.00,1.00
2017.03.28 17:04:03.781,0.93881,0.93906,1.00,1.00
2017.03.28 17:04:04.529,0.93881,0.93904,1.00,1.00
2017.03.28 17:04:05.516,0.93879,0.93904,1.00,1.00
2017.03.28 17:04:06.190,0.9388,0.93905,1.00,1.00
2017.03.28 17:04:07.616,0.9388,0.93903,1.00,1.00
2017.03.28 17:04:08.139,0.93881,0.93904,1.00,1.00
2017.03.28 17:04:09.534,0.93881,0.93905,1.00,1.00
2017.03.28 17:04:10.536,0.93881,0.93904,1.00,1.00
2017.03.28 17:04:13.243,0.93882,0.93905,1.00,1.00
2017.03.28 17:04:13.445,0.93883,0.93909,1.00,1.00
2017.03.28 17:04:14.421,0.93884,0.93907,1.00,1.00
2017.03.28 17:04:22.356,0.93885,0.93908,1.00,1.00
2017.03.28 17:04:22.862,0.93885,0.93909,1.00,1.00
2017.03.28 17:04:24.565,0.93886,0.93909,1.00,1.00
2017.03.28 17:04:26.412,0.93886,0.9391,1.00,1.00
2017.03.28 17:04:28.342,0.93887,0.9391,1.00,1.00
2017.03.28 17:04:29.065,0.93881,0.93906,1.00,1.00
2017.03.28 17:04:29.166,0.93883,0.93906,1.00,1.00
2017.03.28 17:04:29.741,0.93882,0.93907,1.00,1.00
2017.03.28 17:04:30.208,0.93884,0.93909,1.00,1.00
2017.03.28 17:04:30.527,0.93882,0.93905,1.00,1.00
2017.03.28 17:04:30.849,0.9388,0.93905,1.00,1.00
2017.03.28 17:04:33.566,0.93882,0.93906,1.00,1.00
2017.03.28 17:04:35.120,0.93883,0.93907,1.00,1.00
2017.03.28 17:04:35.925,0.93883,0.93908,1.00,1.00
2017.03.28 17:04:37.058,0.93884,0.93909,1.00,1.00
2017.03.28 17:04:37.855,0.93884,0.93907,1.00,1.00
2017.03.28 17:04:39.594,0.93882,0.93908,1.00,1.00
2017.03.28 17:04:40.096,0.93883,0.93908,1.00,1.00
2017.03.28 17:04:41.847,0.93884,0.93909,1.00,1.00
2017.03.28 17:04:43.873,0.93884,0.9391,1.00,1.00
2017.03.28 17:04:48.317,0.93884,0.93908,1.00,1.00
2017.03.28 17:04:48.418,0.93882,0.93907,1.00,1.00
2017.03.28 17:04:48.855,0.93884,0.93909,1.00,1.00
2017.03.28 17:04:50.024,0.93884,0.93907,1.00,1.00
2017.03.28 17:04:54.624,0.93883,0.93907,1.00,1.00
2017.03.28 17:04:55.125,0.93883,0.93909,1.00,1.00
2017.03.28 17:04:56.464,0.93885,0.93908,1.00,1.00
2017.03.28 17:05:10.154,0.93886,0.93909,1.00,1.00
2017.03.28 17:05:13.431,0.93884,0.9391,1.00,1.00
2017.03.28 17:05:14.434,0.93884,0.93909,1.00,1.00
2017.03.28 17:05:25.184,0.93884,0.9391,1.00,1.00
2017.03.28 17:05:26.157,0.93883,0.93908,1.00,1.00
2017.03.28 17:05:27.988,0.93883,0.93907,1.00,1.00
2017.03.28 17:05:28.089,0.93881,0.93906,1.50,1.00
2017.03.28 17:05:28.168,0.93881,0.93903,1.00,1.00
2017.03.28 17:05:28.219,0.93879,0.93903,1.00,1.00
2017.03.28 17:05:28.320,0.9388,0.93905,1.00,1.00
2017.03.28 17:05:28.783,0.93882,0.93908,1.00,1.00
2017.03.28 17:05:30.619,0.93882,0.93905,1.00,1.00
2017.03.28 17:05:31.889,0.93878,0.93903,1.00,1.00
2017.03.28 17:05:31.959,0.93877,0.939,1.00,1.00
2017.03.28 17:05:32.010,0.93875,0.93899,1.00,1.00
2017.03.28 17:05:35.719,0.93882,0.93905,1.00,1.00
2017.03.28 17:05:35.820,0.93882,0.93907,1.00,1.00
2017.03.28 17:05:38.619,0.9388,0.93904,1.00,1.00
2017.03.28 17:05:39.033,0.93878,0.93901,1.00,1.00
2017.03.28 17:05:39.215,0.93879,0.93904,1.00,1.00
2017.03.28 17:05:39.647,0.93879,0.93902,1.00,1.00
2017.03.28 17:05:40.648,0.93879,0.93904,1.00,1.00
2017.03.28 17:05:41.159,0.93878,0.93901,1.00,1.00
2017.03.28 17:05:41.650,0.93876,0.93902,1.00,1.00
2017.03.28 17:05:47.134,0.93877,0.939,1.00,1.00
2017.03.28 17:05:47.185,0.93875,0.939,1.00,1.00
2017.03.28 17:05:48.158,0.93875,0.93899,1.00,1.00
2017.03.28 17:05:49.216,0.93874,0.93899,1.00,1.00
2017.03.28 17:05:49.808,0.93873,0.93898,1.00,1.00
2017.03.28 17:05:50.505,0.93873,0.93899,1.00,1.00
2017.03.28 17:05:54.901,0.93874,0.93899,1.00,1.00
2017.03.28 17:05:55.427,0.93873,0.93896,1.00,1.00
2017.03.28 17:05:55.982,0.93871,0.93894,1.00,1.00
2017.03.28 17:05:56.033,0.93869,0.93895,1.00,1.00
2017.03.28 17:05:56.550,0.9387,0.93894,1.00,1.00
2017.03.28 17:05:56.803,0.93871,0.93896,1.00,1.00
2017.03.28 17:05:56.854,0.93869,0.93895,1.00,1.00
2017.03.28 17:05:59.479,0.93871,0.93895,1.00,1.00
2017.03.28 17:06:00.410,0.9387,0.93897,1.00,1.00
2017.03.28 17:06:01.717,0.93871,0.93898,1.00,1.00
2017.03.28 17:06:01.818,0.93869,0.93893,1.50,1.00
2017.03.28 17:06:01.919,0.9387,0.93896,1.00,1.00
2017.03.28 17:06:02.485,0.93871,0.93898,1.00,1.00
2017.03.28 17:06:03.101,0.93867,0.93893,1.00,1.00
2017.03.28 17:06:03.254,0.93863,0.9389,1.00,1.00
2017.03.28 17:06:03.505,0.93866,0.93892,1.00,1.00
2017.03.28 17:06:04.043,0.93865,0.93892,1.00,1.00
2017.03.28 17:06:04.791,0.93867,0.93892,1.00,1.00
2017.03.28 17:06:05.332,0.93868,0.93892,1.00,1.00
2017.03.28 17:06:05.969,0.93868,0.93895,1.00,1.00
2017.03.28 17:06:06.595,0.93868,0.93892,1.00,1.00
2017.03.28 17:06:06.983,0.93869,0.93894,1.00,1.00
2017.03.28 17:06:07.352,0.93874,0.93898,1.00,1.00
2017.03.28 17:06:07.403,0.93875,0.939,1.00,1.50
2017.03.28 17:06:07.504,0.93874,0.93902,1.00,1.00
2017.03.28 17:06:07.604,0.93877,0.93902,1.00,1.00
2017.03.28 17:06:07.756,0.93877,0.93906,1.00,1.50
2017.03.28 17:06:08.444,0.93877,0.93903,1.00,1.00
2017.03.28 17:06:09.161,0.93875,0.93903,1.00,1.00
2017.03.28 17:06:09.272,0.93876,0.93901,1.00,1.00
2017.03.28 17:06:09.464,0.93873,0.93902,1.00,1.00
2017.03.28 17:06:09.565,0.93875,0.93899,1.00,1.00
2017.03.28 17:06:09.816,0.93875,0.93904,1.00,1.00
2017.03.28 17:06:10.069,0.93878,0.93902,1.00,1.00
2017.03.28 17:06:10.800,0.93877,0.93904,1.00,1.00
2017.03.28 17:06:11.968,0.93874,0.939,1.50,1.00
2017.03.28 17:06:12.285,0.93874,0.93898,1.00,1.00
2017.03.28 17:06:13.637,0.93872,0.93898,1.00,1.00
2017.03.28 17:06:14.398,0.93871,0.93897,1.00,1.00
2017.03.28 17:06:14.500,0.93868,0.93892,1.00,1.00
2017.03.28 17:06:15.013,0.93868,0.93893,1.00,1.00
2017.03.28 17:06:15.871,0.93868,0.93892,1.00,1.00
2017.03.28 17:06:16.058,0.93867,0.93894,1.00,1.00
2017.03.28 17:06:16.928,0.93868,0.93895,1.00,1.00
2017.03.28 17:06:17.434,0.93868,0.93894,1.00,1.00
2017.03.28 17:06:17.896,0.93866,0.93891,1.00,1.00
2017.03.28 17:06:18.463,0.93865,0.93889,1.00,1.00
2017.03.28 17:06:21.910,0.93865,0.93891,1.00,1.00
2017.03.28 17:06:24.686,0.93867,0.93891,1.00,1.00
2017.03.28 17:06:24.788,0.93868,0.93893,1.00,1.00
2017.03.28 17:06:24.889,0.93869,0.93895,1.00,1.00
2017.03.28 17:06:25.411,0.93868,0.93894,1.00,1.00
2017.03.28 17:06:25.898,0.93864,0.93888,1.00,1.00
2017.03.28 17:06:26.200,0.93866,0.9389,1.00,1.00
2017.03.28 17:06:27.130,0.93865,0.9389,1.00,1.00
2017.03.28 17:06:28.174,0.93864,0.93889,1.00,1.00
2017.03.28 17:06:29.092,0.93862,0.93889,1.00,1.00
2017.03.28 17:06:29.899,0.93862,0.93888,1.00,1.00
2017.03.28 17:06:30.857,0.93863,0.93888,1.00,1.00
2017.03.28 17:06:31.814,0.93863,0.93887,1.00,1.00
2017.03.28 17:06:32.350,0.93863,0.93888,1.00,1.00
2017.03.28 17:06:32.719,0.93861,0.93887,1.00,1.00
2017.03.28 17:06:35.291,0.93863,0.93887,1.00,1.00
2017.03.28 17:06:36.125,0.93864,0.93888,1.00,1.00
2017.03.28 17:06:36.446,0.93865,0.93891,1.00,1.00
2017.03.28 17:06:37.373,0.93867,0.93892,1.00,1.00
2017.03.28 17:06:41.012,0.93864,0.9389,1.00,1.00
2017.03.28 17:06:41.063,0.93866,0.93891,1.00,1.00
2017.03.28 17:06:41.364,0.93865,0.93889,1.00,1.00
2017.03.28 17:06:42.289,0.93863,0.9389,1.00,1.00
2017.03.28 17:06:43.611,0.93865,0.93889,1.00,1.00
2017.03.28 17:06:44.224,0.93865,0.9389,1.00,1.00
2017.03.28 17:06:44.560,0.93863,0.93889,1.00,1.00
2017.03.28 17:06:46.339,0.93863,0.93886,1.00,1.00
2017.03.28 17:06:48.439,0.93863,0.93888,1.00,1.00
2017.03.28 17:06:48.968,0.93861,0.93887,1.00,1.00
2017.03.28 17:06:49.727,0.93863,0.93887,1.00,1.00
2017.03.28 17:06:50.730,0.93863,0.93886,1.00,1.00
2017.03.28 17:06:52.050,0.93861,0.93886,1.00,1.00
2017.03.28 17:06:52.365,0.93858,0.93882,1.00,1.00
2017.03.28 17:06:52.667,0.93853,0.93879,1.50,1.00
2017.03.28 17:06:52.969,0.93856,0.9388,1.00,1.00
2017.03.28 17:06:53.436,0.93854,0.93879,1.00,1.00
2017.03.28 17:06:53.867,0.93855,0.93881,1.00,1.00
2017.03.28 17:06:54.535,0.9386,0.93885,1.00,1.00
2017.03.28 17:06:54.981,0.93858,0.93884,1.00,1.00
2017.03.28 17:06:55.031,0.93856,0.93882,1.00,1.00
2017.03.28 17:06:55.532,0.93858,0.93882,1.00,1.00
2017.03.28 17:06:56.064,0.93855,0.93878,1.50,1.00
2017.03.28 17:06:57.967,0.93853,0.93877,1.00,1.00
2017.03.28 17:06:58.068,0.93854,0.9388,1.00,1.00
2017.03.28 17:06:58.339,0.93847,0.93872,1.00,1.00
2017.03.28 17:06:58.390,0.93844,0.9387,1.00,1.00
2017.03.28 17:06:59.206,0.93843,0.9387,1.00,1.00
2017.03.28 17:06:59.894,0.93842,0.9387,1.00,1.00
2017.03.28 17:07:00.200,0.93841,0.93868,1.00,1.00
2017.03.28 17:07:00.948,0.93842,0.93867,1.00,1.00
2017.03.28 17:07:00.998,0.93842,0.93869,1.00,1.00
2017.03.28 17:07:01.519,0.93845,0.93868,1.00,1.00
2017.03.28 17:07:02.989,0.93843,0.93868,1.00,1.00
2017.03.28 17:07:03.298,0.93845,0.93868,1.00,1.00
2017.03.28 17:07:03.349,0.93844,0.9387,1.00,1.00
2017.03.28 17:07:03.814,0.93847,0.93871,1.00,1.00
2017.03.28 17:07:04.290,0.93847,0.93873,1.00,1.00
2017.03.28 17:07:05.361,0.93846,0.93872,1.00,1.00
2017.03.28 17:07:06.292,0.93846,0.9387,1.00,1.00
2017.03.28 17:07:09.893,0.93847,0.93871,1.00,1.00
2017.03.28 17:07:10.146,0.93845,0.93871,1.00,1.00
2017.03.28 17:07:10.981,0.93846,0.93873,1.00,1.00
2017.03.28 17:07:14.194,0.93848,0.93873,1.00,1.00
2017.03.28 17:07:14.620,0.9385,0.93874,1.00,1.00
2017.03.28 17:07:14.822,0.93853,0.93878,1.00,1.00
2017.03.28 17:07:14.923,0.93857,0.93884,1.00,1.50
2017.03.28 17:07:15.830,0.93858,0.93884,1.00,1.00
2017.03.28 17:07:18.009,0.93857,0.93884,1.00,1.00
2017.03.28 17:07:19.054,0.93858,0.93882,1.00,1.00
2017.03.28 17:07:19.867,0.93859,0.93883,1.00,1.00
2017.03.28 17:07:20.204,0.93853,0.93877,1.00,1.00
2017.03.28 17:07:21.016,0.93854,0.93878,1.00,1.00
2017.03.28 17:07:23.731,0.93855,0.93879,1.00,1.00
2017.03.28 17:07:25.566,0.93854,0.93879,1.00,1.00
2017.03.28 17:07:26.428,0.93854,0.93878,1.00,1.00
2017.03.28 17:07:26.580,0.93852,0.93878,1.50,1.00
2017.03.28 17:07:27.429,0.93852,0.93879,1.50,1.00
2017.03.28 17:07:28.701,0.93854,0.93878,1.00,1.00
2017.03.28 17:07:29.577,0.93854,0.9388,1.00,1.00
2017.03.28 17:07:30.362,0.93853,0.93879,1.00,1.00
2017.03.28 17:07:32.657,0.93856,0.9388,1.00,1.00
2017.03.28 17:07:32.809,0.93858,0.93883,1.00,1.00
2017.03.28 17:07:32.859,0.9386,0.93884,1.00,1.00
2017.03.28 17:07:32.910,0.93862,0.93888,1.00,1.00
2017.03.28 17:07:33.498,0.93862,0.93889,1.00,1.00
2017.03.28 17:07:33.614,0.93865,0.93889,1.00,1.00
2017.03.28 17:07:35.166,0.93864,0.93888,1.00,1.00
2017.03.28 17:07:37.361,0.93859,0.93884,1.00,1.00
2017.03.28 17:07:38.318,0.93859,0.93883,1.00,1.00
2017.03.28 17:07:38.810,0.93861,0.93885,1.00,1.00
2017.03.28 17:07:40.029,0.93859,0.93884,1.00,1.00
2017.03.28 17:07:41.031,0.9386,0.93884,1.00,1.00
2017.03.28 17:07:43.886,0.93861,0.93886,1.00,1.00
2017.03.28 17:07:46.489,0.9386,0.93886,1.00,1.00
2017.03.28 17:07:46.839,0.93861,0.93884,1.00,1.00
2017.03.28 17:07:51.531,0.93862,0.93886,1.00,1.00
2017.03.28 17:07:52.879,0.93861,0.93885,1.00,1.00
2017.03.28 17:07:53.389,0.9386,0.93884,1.00,1.00
2017.03.28 17:07:53.896,0.93861,0.93885,1.00,1.00
2017.03.28 17:07:54.983,0.93862,0.93885,1.00,1.00
2017.03.28 17:07:55.484,0.93861,0.93887,1.00,1.00
2017.03.28 17:07:56.710,0.93862,0.93888,1.00,1.00
2017.03.28 17:07:57.258,0.93863,0.93888,1.00,1.00
2017.03.28 17:07:58.761,0.93864,0.93888,1.00,1.00
2017.03.28 17:07:59.932,0.93865,0.93888,1.00,1.00
2017.03.28 17:08:01.429,0.93862,0.93888,1.00,1.00
2017.03.28 17:08:01.530,0.93865,0.93888,1.00,1.50
2017.03.28 17:08:01.824,0.93863,0.93887,1.00,1.00
2017.03.28 17:08:05.247,0.93865,0.93888,1.00,1.00
2017.03.28 17:08:06.208,0.93864,0.9389,1.00,1.00
2017.03.28 17:08:07.242,0.93866,0.93889,1.00,1.00
2017.03.28 17:08:07.359,0.93863,0.93889,1.00,1.00
2017.03.28 17:08:07.944,0.93863,0.9389,1.00,1.00
2017.03.28 17:08:08.547,0.93865,0.93888,1.00,1.00
2017.03.28 17:08:10.013,0.93863,0.93889,1.00,1.00
2017.03.28 17:08:10.515,0.93864,0.93887,1.00,1.00
2017.03.28 17:08:12.206,0.93864,0.93889,1.00,1.00
2017.03.28 17:08:13.838,0.93864,0.93888,1.00,1.00
2017.03.28 17:08:17.569,0.93865,0.93891,1.00,1.00
2017.03.28 17:08:25.544,0.93865,0.93889,1.00,1.00
2017.03.28 17:08:43.852,0.93864,0.93888,1.00,1.00
2017.03.28 17:08:44.852,0.93865,0.93888,1.00,1.00
2017.03.28 17:08:46.801,0.93864,0.93887,1.00,1.00
2017.03.28 17:08:47.064,0.93861,0.93887,1.50,1.00
2017.03.28 17:08:47.115,0.93861,0.93885,1.00,1.00
2017.03.28 17:08:47.821,0.93861,0.93886,1.00,1.00
2017.03.28 17:08:48.215,0.93861,0.93884,1.00,1.00
2017.03.28 17:08:50.570,0.93858,0.93881,1.00,1.00
2017.03.28 17:08:50.621,0.93858,0.93883,1.00,1.00
2017.03.28 17:08:50.671,0.93857,0.93881,1.00,1.00
2017.03.28 17:08:50.722,0.93861,0.93887,1.00,1.00
2017.03.28 17:08:50.889,0.93864,0.93888,1.00,1.00
2017.03.28 17:08:51.643,0.93864,0.9389,1.00,1.00
2017.03.28 17:08:55.103,0.93866,0.93889,1.00,1.00
2017.03.28 17:08:56.105,0.93865,0.93889,1.00,1.00
2017.03.28 17:08:59.408,0.93867,0.9389,1.00,1.00
2017.03.28 17:09:00.972,0.93865,0.93889,1.00,1.00
2017.03.28 17:09:02.405,0.93867,0.9389,1.00,1.00
2017.03.28 17:09:10.634,0.93865,0.93891,1.00,1.00
2017.03.28 17:09:11.336,0.93866,0.93892,1.00,1.00
2017.03.28 17:09:12.407,0.93868,0.93892,1.00,1.00
2017.03.28 17:09:12.640,0.93865,0.93891,1.00,1.00
2017.03.28 17:09:12.994,0.93868,0.93891,1.00,1.00
2017.03.28 17:09:13.948,0.93867,0.93893,1.00,1.00
2017.03.28 17:09:14.950,0.93866,0.93892,1.00,1.00
2017.03.28 17:09:32.366,0.93868,0.93894,1.00,1.00
2017.03.28 17:09:41.937,0.9387,0.93894,1.00,1.00
2017.03.28 17:09:42.239,0.93873,0.93897,1.00,1.00
2017.03.28 17:09:42.965,0.93871,0.93897,1.00,1.00
2017.03.28 17:09:43.835,0.93872,0.93898,1.00,1.00
2017.03.28 17:09:44.351,0.9387,0.93894,1.00,1.00
2017.03.28 17:09:45.269,0.93867,0.93891,1.00,1.00
2017.03.28 17:09:50.039,0.93864,0.9389,1.00,1.00
2017.03.28 17:09:50.380,0.93867,0.93891,1.00,1.00
2017.03.28 17:09:50.705,0.93869,0.93893,1.00,1.00
2017.03.28 17:09:51.098,0.93871,0.93895,1.00,1.00
2017.03.28 17:09:53.607,0.93865,0.93889,1.00,1.00
2017.03.28 17:09:54.496,0.93865,0.93891,1.00,1.00
2017.03.28 17:09:58.138,0.93867,0.93891,1.00,1.00
2017.03.28 17:09:59.114,0.93868,0.93891,1.00,1.00
2017.03.28 17:09:59.631,0.93868,0.93892,1.00,1.00
2017.03.28 17:09:59.934,0.9387,0.93893,1.00,1.00
2017.03.28 17:10:00.511,0.93869,0.93892,1.00,1.00
2017.03.28 17:10:04.807,0.9387,0.93893,1.00,1.00
2017.03.28 17:10:04.858,0.93868,0.93893,1.00,1.00
2017.03.28 17:10:05.041,0.9387,0.93894,1.00,1.00
2017.03.28 17:10:05.306,0.9387,0.93896,1.00,1.00
2017.03.28 17:10:06.285,0.93871,0.93894,1.00,1.00
2017.03.28 17:10:07.387,0.9387,0.93896,1.00,1.00
2017.03.28 17:10:07.596,0.93872,0.93898,1.00,1.00
2017.03.28 17:10:08.359,0.93871,0.93897,1.00,1.00
2017.03.28 17:10:08.690,0.9387,0.93894,1.00,1.00
2017.03.28 17:10:11.637,0.93869,0.93894,1.00,1.00
2017.03.28 17:10:11.973,0.93871,0.93895,1.00,1.00
2017.03.28 17:10:14.031,0.9387,0.93895,1.00,1.00
2017.03.28 17:10:15.159,0.93871,0.93895,1.00,1.00
2017.03.28 17:10:18.211,0.93872,0.93896,1.00,1.00
2017.03.28 17:10:18.548,0.93865,0.93889,1.00,1.00
2017.03.28 17:10:18.892,0.93868,0.93891,1.00,1.00
2017.03.28 17:10:19.295,0.9387,0.93894,1.00,1.00
2017.03.28 17:10:19.766,0.93871,0.93897,1.00,1.00
2017.03.28 17:10:19.929,0.93873,0.93898,1.00,1.00
2017.03.28 17:10:20.379,0.93872,0.93896,1.00,1.00
2017.03.28 17:10:21.143,0.93873,0.93896,1.00,1.00
2017.03.28 17:10:24.093,0.93869,0.93897,1.00,1.00
2017.03.28 17:10:24.144,0.93872,0.93896,1.00,1.00
2017.03.28 17:10:24.617,0.93873,0.93898,1.00,1.00
2017.03.28 17:10:25.619,0.93874,0.93898,1.00,1.00
2017.03.28 17:10:26.242,0.93874,0.93897,1.00,1.00
2017.03.28 17:10:26.343,0.93875,0.939,1.00,1.00
2017.03.28 17:10:26.443,0.93877,0.93901,1.00,1.00
2017.03.28 17:10:29.029,0.93876,0.939,1.00,1.00
2017.03.28 17:10:30.866,0.93877,0.93901,1.00,1.00
2017.03.28 17:10:35.348,0.93875,0.93901,1.00,1.00
2017.03.28 17:10:39.481,0.93875,0.93899,1.00,1.00
2017.03.28 17:10:40.815,0.93876,0.939,1.00,1.00
2017.03.28 17:10:44.106,0.93873,0.93899,1.00,1.00
2017.03.28 17:10:47.249,0.93875,0.93899,1.00,1.00
2017.03.28 17:10:47.300,0.93876,0.93901,1.00,1.50
2017.03.28 17:10:47.602,0.93873,0.93899,1.00,1.00
2017.03.28 17:10:47.959,0.93873,0.93896,1.00,1.00
2017.03.28 17:10:48.211,0.9387,0.93896,1.00,1.00
2017.03.28 17:10:49.687,0.93871,0.93897,1.00,1.00
2017.03.28 17:10:49.738,0.93869,0.93895,1.00,1.00
2017.03.28 17:10:50.095,0.93869,0.93893,1.00,1.00
2017.03.28 17:10:51.254,0.9387,0.93895,1.00,1.00
2017.03.28 17:10:52.515,0.93868,0.93894,1.00,1.00
2017.03.28 17:10:54.649,0.93871,0.93897,1.00,1.00
2017.03.28 17:10:55.005,0.93871,0.93894,1.00,1.00
2017.03.28 17:10:55.691,0.9387,0.93893,1.00,1.00
2017.03.28 17:10:56.652,0.9387,0.93894,1.00,1.00
2017.03.28 17:10:57.719,0.93868,0.93894,1.00,1.00
2017.03.28 17:10:59.623,0.9387,0.93894,1.00,1.00
2017.03.28 17:11:00.515,0.93869,0.93893,1.00,1.00
2017.03.28 17:11:01.119,0.93868,0.93892,1.00,1.00
2017.03.28 17:11:01.420,0.93877,0.93901,1.00,1.00
2017.03.28 17:11:01.892,0.93874,0.939,1.00,1.00
2017.03.28 17:11:02.113,0.93873,0.93898,1.00,1.00
2017.03.28 17:11:03.933,0.93869,0.93895,1.00,1.00
2017.03.28 17:11:04.085,0.93871,0.93897,1.00,1.00
2017.03.28 17:11:05.077,0.93872,0.93895,1.00,1.00
2017.03.28 17:11:10.373,0.9387,0.93896,1.00,1.00
2017.03.28 17:11:11.329,0.93872,0.93898,1.00,1.00
2017.03.28 17:11:12.614,0.93871,0.93897,1.00,1.00
2017.03.28 17:11:15.454,0.93872,0.93898,1.00,1.00
2017.03.28 17:11:15.896,0.93872,0.93896,1.00,1.00
2017.03.28 17:11:20.188,0.9387,0.93896,1.00,1.00
2017.03.28 17:11:23.399,0.93872,0.93898,1.00,1.00
2017.03.28 17:11:23.701,0.93874,0.939,1.00,1.00
2017.03.28 17:11:24.387,0.93876,0.939,1.00,1.00
2017.03.28 17:11:25.403,0.93874,0.939,1.00,1.00
2017.03.28 17:11:34.938,0.93875,0.93901,1.00,1.00
2017.03.28 17:11:35.202,0.93874,0.93898,1.00,1.00
2017.03.28 17:11:35.733,0.93876,0.939,1.00,1.00
2017.03.28 17:11:38.064,0.93877,0.93901,1.00,1.00
2017.03.28 17:11:40.699,0.93875,0.93901,1.00,1.00
2017.03.28 17:11:44.300,0.93878,0.93902,1.00,1.00
2017.03.28 17:11:44.836,0.93879,0.93903,1.00,1.00
2017.03.28 17:11:47.757,0.93882,0.93906,1.00,1.00
2017.03.28 17:11:48.241,0.93884,0.93908,1.00,1.00
2017.03.28 17:11:49.545,0.93881,0.93907,1.00,1.00
2017.03.28 17:11:58.056,0.93879,0.93905,1.00,1.00
2017.03.28 17:11:58.361,0.93879,0.93902,1.00,1.00
2017.03.28 17:11:58.560,0.93879,0.93905,1.00,1.00
2017.03.28 17:11:59.147,0.93878,0.93902,1.00,1.00
2017.03.28 17:12:00.143,0.93879,0.93902,1.00,1.00
2017.03.28 17:12:01.706,0.93879,0.93905,1.00,1.00
2017.03.28 17:12:01.756,0.93883,0.93907,1.00,1.50
2017.03.28 17:12:01.857,0.9388,0.93906,1.00,1.00
2017.03.28 17:12:02.120,0.93878,0.93904,1.00,1.00
2017.03.28 17:12:02.826,0.93877,0.93903,1.00,1.00
2017.03.28 17:12:03.324,0.93878,0.93901,1.00,1.00
2017.03.28 17:12:05.803,0.93875,0.93901,1.00,1.00
2017.03.28 17:12:10.994,0.93875,0.93899,1.00,1.00
2017.03.28 17:12:14.814,0.93876,0.93899,1.00,1.00
2017.03.28 17:12:16.753,0.93876,0.93902,1.00,1.00
2017.03.28 17:12:17.661,0.93871,0.93897,1.00,1.00
2017.03.28 17:12:18.164,0.9387,0.93896,1.00,1.00
2017.03.28 17:12:18.631,0.9387,0.93894,1.00,1.00
2017.03.28 17:12:19.789,0.93869,0.93892,1.00,1.00
2017.03.28 17:12:21.059,0.93867,0.93893,1.00,1.00
2017.03.28 17:12:21.109,0.93864,0.9389,1.00,1.00
2017.03.28 17:12:21.444,0.93864,0.93888,1.00,1.00
2017.03.28 17:12:22.083,0.93862,0.93886,1.00,1.00
2017.03.28 17:12:24.241,0.93863,0.93887,1.00,1.50
2017.03.28 17:12:24.292,0.93858,0.93884,1.00,1.00
2017.03.28 17:12:25.085,0.93859,0.93884,1.00,1.00
2017.03.28 17:12:25.266,0.93857,0.93883,1.00,1.00
2017.03.28 17:12:26.266,0.93859,0.93883,1.00,1.00
2017.03.28 17:12:27.997,0.93861,0.93885,1.00,1.50
2017.03.28 17:12:28.299,0.93865,0.93889,1.00,1.00
2017.03.28 17:12:28.601,0.93867,0.93891,1.00,1.00
2017.03.28 17:12:29.295,0.93866,0.9389,1.00,1.00
2017.03.28 17:12:29.802,0.93864,0.93888,1.00,1.00
2017.03.28 17:12:36.445,0.93864,0.9389,1.00,1.00
2017.03.28 17:12:44.832,0.93864,0.93889,1.00,1.00
2017.03.28 17:12:47.947,0.93864,0.9389,1.00,1.00
2017.03.28 17:12:47.998,0.93866,0.9389,1.00,1.00
2017.03.28 17:12:52.410,0.93866,0.9389,1.60,1.00
2017.03.28 17:12:53.057,0.93867,0.93891,1.60,1.00
2017.03.28 17:12:54.810,0.93867,0.93891,1.60,1.00
2017.03.28 17:12:55.343,0.93868,0.93892,1.60,1.00
2017.03.28 17:13:09.311,0.93869,0.93894,1.35,1.00
2017.03.28 17:13:10.006,0.93869,0.93895,1.00,1.00
2017.03.28 17:13:16.201,0.93869,0.93893,1.00,1.00
2017.03.28 17:13:17.316,0.9387,0.93894,1.00,1.00
2017.03.28 17:13:17.620,0.9388,0.93904,1.00,1.00
2017.03.28 17:13:18.603,0.93879,0.93903,1.00,1.00
2017.03.28 17:13:21.536,0.9388,0.93904,1.00,1.00
2017.03.28 17:13:22.675,0.9388,0.93906,1.00,1.00
2017.03.28 17:13:25.643,0.93879,0.93905,1.00,1.00
2017.03.28 17:13:26.145,0.9388,0.93903,1.00,1.00
2017.03.28 17:13:28.972,0.93879,0.93903,1.00,1.00
2017.03.28 17:13:30.860,0.93879,0.93905,1.00,1.00
2017.03.28 17:13:31.397,0.93878,0.93904,1.00,1.00
2017.03.28 17:13:31.865,0.93879,0.93902,1.00,1.00
2017.03.28 17:13:40.673,0.93878,0.93902,1.00,1.00
2017.03.28 17:13:42.756,0.93879,0.93903,1.00,1.00
2017.03.28 17:13:49.990,0.93877,0.93903,1.00,1.00
2017.03.28 17:13:51.366,0.93879,0.93903,1.00,1.00
2017.03.28 17:13:51.567,0.93883,0.93908,1.00,1.00
2017.03.28 17:13:51.718,0.93885,0.93909,1.00,1.00
2017.03.28 17:13:52.021,0.93892,0.93916,1.00,1.00
2017.03.28 17:13:52.323,0.93894,0.9392,1.00,1.00
2017.03.28 17:13:52.493,0.93898,0.9392,1.00,1.00
2017.03.28 17:13:53.148,0.93898,0.93921,1.00,1.00
2017.03.28 17:13:53.839,0.93898,0.9392,1.00,1.00
2017.03.28 17:13:57.227,0.93896,0.9392,1.00,1.00
2017.03.28 17:13:57.412,0.93894,0.93919,1.00,1.00
2017.03.28 17:13:57.463,0.93893,0.93917,1.00,1.00
2017.03.28 17:13:57.788,0.93891,0.93915,1.00,1.00
2017.03.28 17:13:58.388,0.93892,0.93916,1.00,1.00
2017.03.28 17:13:59.482,0.93893,0.93917,1.00,1.00
2017.03.28 17:14:01.253,0.9389,0.93914,1.00,1.00
2017.03.28 17:14:03.149,0.9389,0.93913,1.00,1.00
2017.03.28 17:14:04.120,0.93888,0.93914,1.50,1.00
2017.03.28 17:14:05.410,0.93891,0.93914,1.00,1.00
2017.03.28 17:14:06.215,0.93888,0.93914,1.50,1.00
2017.03.28 17:14:06.476,0.93891,0.93915,1.00,1.00
2017.03.28 17:14:06.814,0.93893,0.93917,1.00,1.00
2017.03.28 17:14:07.276,0.93893,0.93919,1.00,1.00
2017.03.28 17:14:07.377,0.93897,0.93925,1.00,1.00
2017.03.28 17:14:07.427,0.93899,0.93926,1.00,1.00
2017.03.28 17:14:09.099,0.93899,0.93925,1.00,1.00
2017.03.28 17:14:10.734,0.939,0.93925,1.00,1.00
2017.03.28 17:14:13.421,0.93897,0.93916,1.00,1.00
2017.03.28 17:14:13.472,0.93893,0.93916,1.50,1.00
2017.03.28 17:14:14.282,0.93892,0.93915,1.00,1.00
2017.03.28 17:14:14.894,0.93893,0.93916,1.00,1.00
2017.03.28 17:14:15.463,0.93891,0.93916,1.00,1.00
2017.03.28 17:14:15.514,0.93889,0.93915,1.00,1.00
2017.03.28 17:14:15.869,0.93888,0.93913,1.00,1.00
2017.03.28 17:14:18.127,0.93891,0.93915,1.00,1.00
2017.03.28 17:14:18.429,0.93893,0.93916,1.00,1.00
2017.03.28 17:14:18.530,0.93893,0.93918,1.00,1.00
2017.03.28 17:14:19.576,0.93894,0.93918,1.00,1.00
2017.03.28 17:14:21.134,0.93893,0.93918,1.00,1.00
2017.03.28 17:14:22.435,0.93892,0.93918,1.00,1.00
2017.03.28 17:14:22.588,0.93891,0.93916,1.00,1.00
2017.03.28 17:14:22.909,0.93891,0.93913,1.00,1.00
2017.03.28 17:14:23.010,0.93888,0.93913,1.00,1.00
2017.03.28 17:14:23.581,0.9389,0.93913,1.00,1.00
2017.03.28 17:14:25.763,0.93889,0.93915,1.00,1.00
2017.03.28 17:14:29.368,0.93891,0.93915,1.00,1.00
2017.03.28 17:14:29.971,0.93893,0.93918,1.00,1.00
2017.03.28 17:14:30.022,0.93896,0.93922,1.00,1.00
2017.03.28 17:14:30.072,0.93898,0.93923,1.00,1.50
2017.03.28 17:14:30.173,0.93899,0.93925,1.00,1.00
2017.03.28 17:14:36.075,0.939,0.93923,1.00,1.00
2017.03.28 17:14:36.230,0.939,0.93926,1.00,1.00
2017.03.28 17:14:36.879,0.93899,0.93925,1.00,1.00
2017.03.28 17:14:38.238,0.93899,0.93924,1.00,1.00
2017.03.28 17:14:38.339,0.93898,0.93921,1.00,1.00
2017.03.28 17:14:38.604,0.93894,0.9392,1.00,1.00
2017.03.28 17:14:38.984,0.93892,0.93918,1.50,1.00
2017.03.28 17:14:39.299,0.93892,0.93915,1.00,1.00
2017.03.28 17:14:39.985,0.93892,0.93916,1.00,1.00
2017.03.28 17:14:40.325,0.9389,0.93915,1.00,1.00
2017.03.28 17:14:40.985,0.9389,0.93913,1.00,1.00
2017.03.28 17:14:41.320,0.93888,0.93911,1.00,1.00
2017.03.28 17:14:41.522,0.93887,0.93913,1.00,1.00
2017.03.28 17:14:41.573,0.9389,0.93914,1.00,1.00
2017.03.28 17:14:42.279,0.93888,0.93915,1.00,1.00
2017.03.28 17:14:42.585,0.9389,0.93915,1.00,1.00
2017.03.28 17:14:45.020,0.9389,0.93916,1.00,1.00
2017.03.28 17:14:46.021,0.93891,0.93914,1.00,1.00
2017.03.28 17:14:49.712,0.9389,0.93913,1.00,1.00
2017.03.28 17:14:50.270,0.93889,0.93912,1.00,1.00
2017.03.28 17:14:50.373,0.93887,0.93912,1.50,1.00
2017.03.28 17:14:50.474,0.93887,0.9391,1.00,1.00
2017.03.28 17:14:51.271,0.93886,0.93909,1.00,1.00
2017.03.28 17:14:51.922,0.93884,0.93909,1.00,1.00
2017.03.28 17:14:52.389,0.93881,0.93905,1.50,1.00
2017.03.28 17:14:52.490,0.93879,0.93904,1.00,1.00
2017.03.28 17:14:55.228,0.9388,0.93905,1.00,1.00
2017.03.28 17:14:55.962,0.93882,0.93905,1.00,1.00
2017.03.28 17:14:56.013,0.93883,0.93907,1.00,1.00
2017.03.28 17:14:56.644,0.93885,0.93908,1.00,1.00
2017.03.28 17:15:02.607,0.93883,0.93908,1.00,1.00
2017.03.28 17:15:03.176,0.93882,0.93907,1.00,1.00
2017.03.28 17:15:03.519,0.93884,0.9391,1.00,1.00
2017.03.28 17:15:03.620,0.93886,0.9391,1.00,1.00
2017.03.28 17:15:03.922,0.93889,0.93914,1.00,1.00
2017.03.28 17:15:04.173,0.93891,0.93916,1.00,1.00
2017.03.28 17:15:05.310,0.93892,0.93916,1.00,1.00
2017.03.28 17:15:07.477,0.9389,0.93916,1.00,1.00
2017.03.28 17:15:08.013,0.93892,0.93916,1.00,1.00
2017.03.28 17:15:08.905,0.93891,0.93915,1.00,1.00
2017.03.28 17:15:09.509,0.93892,0.93916,1.00,1.00
2017.03.28 17:15:09.924,0.9389,0.93916,1.00,1.00
2017.03.28 17:15:10.864,0.93891,0.93917,1.00,1.00
2017.03.28 17:15:11.855,0.93892,0.93917,1.00,1.00
2017.03.28 17:15:13.091,0.93891,0.93916,1.00,1.00
2017.03.28 17:15:13.613,0.9389,0.93915,1.00,1.00
2017.03.28 17:15:14.378,0.93891,0.93916,1.00,1.00
2017.03.28 17:15:16.913,0.93891,0.93914,1.00,1.00
2017.03.28 17:15:24.865,0.93893,0.93917,1.00,1.00
2017.03.28 17:15:29.936,0.93895,0.93918,1.00,1.00
2017.03.28 17:15:30.037,0.93897,0.93921,1.00,1.00
2017.03.28 17:15:30.137,0.93902,0.93925,1.00,1.00
2017.03.28 17:15:30.289,0.93897,0.93921,1.00,1.00
2017.03.28 17:15:30.440,0.93896,0.93919,1.00,1.00
2017.03.28 17:15:31.305,0.93894,0.93919,1.00,1.00
2017.03.28 17:15:34.569,0.93894,0.93917,1.00,1.00
2017.03.28 17:15:35.178,0.93892,0.93917,1.00,1.00
2017.03.28 17:15:41.413,0.93893,0.93917,1.00,1.00
2017.03.28 17:15:45.192,0.93891,0.93917,1.00,1.00
2017.03.28 17:15:54.056,0.9389,0.93916,1.00,1.00
2017.03.28 17:15:54.266,0.93893,0.93917,1.00,1.00
2017.03.28 17:15:54.594,0.93895,0.93918,1.00,1.00
2017.03.28 17:15:55.094,0.93895,0.93921,1.00,1.00
2017.03.28 17:15:55.713,0.93894,0.9392,1.00,1.00
2017.03.28 17:15:56.266,0.93894,0.93919,1.00,1.00
2017.03.28 17:16:00.207,0.93893,0.93919,1.00,1.00
2017.03.28 17:16:00.770,0.93894,0.9392,1.00,1.00
2017.03.28 17:16:03.115,0.93896,0.9392,1.00,1.00
2017.03.28 17:16:03.240,0.93894,0.9392,1.00,1.00
2017.03.28 17:16:04.242,0.93895,0.93918,1.00,1.00
2017.03.28 17:16:04.807,0.93895,0.93919,1.00,1.00
2017.03.28 17:16:05.015,0.93892,0.93917,1.00,1.00
2017.03.28 17:16:05.549,0.93891,0.93915,1.00,1.00
2017.03.28 17:16:05.852,0.93882,0.93906,1.00,1.00
2017.03.28 17:16:12.780,0.93881,0.93906,1.00,1.00
2017.03.28 17:16:13.708,0.93879,0.93905,1.00,1.00
2017.03.28 17:16:14.370,0.93879,0.93902,1.00,1.00
2017.03.28 17:16:14.471,0.93877,0.93902,1.50,1.00
2017.03.28 17:16:15.015,0.93877,0.93901,1.00,1.00
2017.03.28 17:16:15.215,0.93876,0.93896,1.00,1.00
2017.03.28 17:16:15.380,0.93872,0.93896,1.00,1.00
2017.03.28 17:16:15.431,0.93872,0.93898,1.50,1.00
2017.03.28 17:16:15.481,0.93875,0.93898,1.00,1.00
2017.03.28 17:16:16.257,0.93876,0.93899,1.00,1.00
2017.03.28 17:16:18.457,0.93876,0.93901,1.00,1.00
2017.03.28 17:16:18.721,0.93878,0.93902,1.00,1.00
2017.03.28 17:16:19.026,0.93876,0.93899,1.00,1.00
2017.03.28 17:16:19.756,0.93884,0.93908,1.00,1.00
2017.03.28 17:16:19.908,0.93886,0.9391,1.00,1.00
2017.03.28 17:16:19.958,0.93887,0.93912,1.00,1.00
2017.03.28 17:16:20.901,0.93889,0.93912,1.00,1.00
2017.03.28 17:16:21.433,0.93887,0.93912,1.00,1.00
2017.03.28 17:16:21.584,0.93887,0.9391,1.00,1.00
2017.03.28 17:16:23.586,0.93886,0.93912,1.00,1.00
2017.03.28 17:16:23.637,0.93888,0.93912,1.00,1.00
2017.03.28 17:16:23.838,0.93891,0.93916,1.00,1.00
2017.03.28 17:16:26.003,0.93891,0.93917,1.00,1.00
2017.03.28 17:16:26.504,0.93891,0.93915,1.00,1.00
2017.03.28 17:16:28.112,0.93889,0.93915,2.10,1.00
2017.03.28 17:16:28.233,0.93891,0.93915,1.00,1.00
2017.03.28 17:16:28.565,0.93893,0.93916,1.00,1.00
2017.03.28 17:16:29.572,0.9389,0.93916,1.00,1.00
2017.03.28 17:16:29.769,0.93889,0.93911,1.00,1.00
2017.03.28 17:16:29.820,0.93886,0.93912,1.00,1.00
2017.03.28 17:16:30.819,0.93886,0.93911,1.00,1.00
2017.03.28 17:16:32.174,0.93887,0.93911,1.00,1.00
2017.03.28 17:16:32.680,0.93886,0.93912,1.00,1.00
2017.03.28 17:16:41.534,0.93888,0.93912,1.00,1.00
2017.03.28 17:16:42.041,0.93889,0.93912,1.00,1.00
2017.03.28 17:16:43.063,0.93888,0.93911,1.00,1.00
2017.03.28 17:16:44.497,0.93887,0.9391,1.00,1.00
2017.03.28 17:16:45.295,0.93885,0.9391,1.50,1.00
2017.03.28 17:16:49.052,0.93886,0.93911,1.00,1.00
2017.03.28 17:16:50.038,0.93886,0.9391,1.00,1.00
2017.03.28 17:16:58.130,0.93888,0.93911,1.00,1.00
2017.03.28 17:16:58.193,0.93888,0.93913,1.00,1.00
2017.03.28 17:16:58.416,0.93892,0.93915,1.60,1.00
2017.03.28 17:16:58.517,0.93892,0.93918,2.85,1.50
2017.03.28 17:16:58.618,0.93894,0.9392,1.60,1.00
2017.03.28 17:16:59.209,0.93894,0.9392,1.00,1.00
2017.03.28 17:16:59.439,0.93897,0.9392,1.00,1.00
2017.03.28 17:17:00.165,0.93897,0.93922,1.00,1.00
2017.03.28 17:17:00.448,0.93899,0.93924,1.00,1.00
2017.03.28 17:17:00.649,0.93901,0.93927,1.00,1.00
2017.03.28 17:17:01.371,0.93904,0.93929,1.00,1.00
2017.03.28 17:17:02.832,0.93903,0.93929,1.00,1.00
2017.03.28 17:17:03.175,0.93903,0.93927,1.00,1.00
2017.03.28 17:17:03.348,0.93901,0.93926,1.00,1.00
2017.03.28 17:17:03.412,0.93899,0.93924,1.35,1.00
2017.03.28 17:17:04.800,0.93898,0.93924,1.00,1.00
2017.03.28 17:17:06.017,0.93895,0.93922,1.60,1.00
2017.03.28 17:17:06.068,0.93894,0.9392,1.50,1.00
2017.03.28 17:17:06.991,0.93894,0.93919,1.00,1.00
2017.03.28 17:17:08.704,0.93892,0.93918,1.00,1.00
2017.03.28 17:17:08.755,0.93891,0.93916,2.10,1.00
2017.03.28 17:17:09.755,0.93891,0.93915,2.10,1.00
2017.03.28 17:17:10.276,0.93892,0.93916,1.00,1.00
2017.03.28 17:17:11.594,0.93892,0.93915,1.00,1.00
2017.03.28 17:17:15.372,0.93892,0.93916,1.00,1.00
2017.03.28 17:17:22.951,0.93892,0.93918,1.00,1.00
2017.03.28 17:17:24.259,0.93892,0.93916,1.00,1.00
2017.03.28 17:17:25.804,0.9389,0.93915,1.00,1.00
2017.03.28 17:17:27.059,0.93887,0.93909,1.00,1.00
2017.03.28 17:17:27.110,0.93883,0.93907,1.00,1.00
2017.03.28 17:17:27.238,0.93881,0.93904,1.00,1.00
2017.03.28 17:17:27.339,0.93879,0.93904,1.00,1.00
2017.03.28 17:17:28.051,0.93878,0.93902,1.00,1.00
2017.03.28 17:17:30.402,0.93878,0.93903,1.00,1.00
2017.03.28 17:17:35.713,0.9388,0.93903,1.00,1.00
2017.03.28 17:17:36.185,0.9388,0.93905,1.00,1.00
2017.03.28 17:17:36.236,0.93877,0.93903,1.00,1.00
2017.03.28 17:17:36.444,0.93872,0.93895,1.00,1.00
2017.03.28 17:17:36.495,0.93875,0.93899,1.00,1.00
2017.03.28 17:17:36.545,0.93872,0.93895,1.50,1.00
2017.03.28 17:17:37.243,0.9387,0.93894,1.00,1.00
2017.03.28 17:17:38.073,0.93871,0.93894,1.00,1.00
2017.03.28 17:17:38.608,0.93871,0.93896,1.00,1.00
2017.03.28 17:17:38.870,0.93871,0.93894,1.00,1.00
2017.03.28 17:17:40.019,0.9387,0.93893,1.00,1.00
2017.03.28 17:17:41.540,0.93871,0.93896,1.00,1.00
2017.03.28 17:17:42.601,0.9387,0.93894,1.00,1.00
2017.03.28 17:17:44.931,0.93869,0.93894,1.00,1.00
2017.03.28 17:17:50.022,0.9387,0.93894,1.00,1.00
2017.03.28 17:17:54.150,0.93868,0.93893,1.00,1.00
2017.03.28 17:17:54.302,0.9387,0.93893,1.00,1.00
2017.03.28 17:17:55.095,0.93868,0.93893,1.00,1.00
2017.03.28 17:17:56.684,0.93868,0.93892,1.00,1.00
2017.03.28 17:18:03.320,0.93869,0.93892,1.00,1.00
2017.03.28 17:18:03.421,0.93871,0.93895,1.00,1.50
2017.03.28 17:18:03.553,0.93872,0.93897,1.00,1.00
2017.03.28 17:18:04.140,0.93874,0.93898,1.00,1.00
2017.03.28 17:18:05.534,0.93876,0.93899,1.00,1.00
2017.03.28 17:18:05.977,0.9388,0.93903,1.00,1.00
2017.03.28 17:18:06.204,0.93875,0.93899,1.00,1.00
2017.03.28 17:18:06.254,0.93873,0.93896,1.50,1.00
2017.03.28 17:18:06.355,0.93869,0.93894,1.12,1.00
2017.03.28 17:18:08.297,0.93871,0.93894,1.00,1.00
2017.03.28 17:18:09.401,0.93871,0.93895,1.00,1.00
2017.03.28 17:18:11.714,0.93871,0.93894,1.00,1.00
2017.03.28 17:18:23.411,0.93873,0.93897,1.00,1.00
2017.03.28 17:18:23.512,0.93873,0.93899,1.00,1.50
2017.03.28 17:18:23.613,0.93876,0.93899,1.00,1.00
2017.03.28 17:18:29.313,0.93877,0.93901,1.00,1.00
2017.03.28 17:18:41.273,0.93877,0.939,1.00,1.00
2017.03.28 17:18:41.853,0.93876,0.93899,1.00,1.00
2017.03.28 17:18:55.340,0.93877,0.93901,1.00,1.00
2017.03.28 17:18:56.303,0.93877,0.939,1.00,1.00
2017.03.28 17:18:57.317,0.93876,0.93902,1.00,1.00
2017.03.28 17:18:59.128,0.93878,0.93902,1.00,1.00
2017.03.28 17:18:59.430,0.93876,0.93899,1.00,1.00
2017.03.28 17:19:00.301,0.93876,0.93901,1.00,1.00
2017.03.28 17:19:01.009,0.93875,0.93898,1.00,1.00
2017.03.28 17:19:11.834,0.93874,0.93897,1.00,1.00
2017.03.28 17:19:13.230,0.93872,0.93898,1.00,1.00
2017.03.28 17:19:13.280,0.93872,0.93896,1.00,1.00
2017.03.28 17:19:14.358,0.93871,0.93896,1.00,1.00
2017.03.28 17:19:16.066,0.93874,0.93897,1.00,1.00
2017.03.28 17:19:16.376,0.93875,0.93899,1.00,1.00
2017.03.28 17:19:17.327,0.93876,0.93899,1.00,1.00
2017.03.28 17:19:20.399,0.93876,0.93901,1.00,1.00
2017.03.28 17:19:26.086,0.93879,0.93903,1.00,1.00
2017.03.28 17:19:26.137,0.93879,0.93905,1.00,1.50
2017.03.28 17:19:26.288,0.93882,0.93908,1.00,1.00
2017.03.28 17:19:26.590,0.93882,0.93905,1.00,1.00
2017.03.28 17:19:29.999,0.9388,0.93905,1.00,1.00
2017.03.28 17:19:30.593,0.93879,0.93905,1.00,1.00
2017.03.28 17:19:30.644,0.93879,0.93902,1.00,1.00
2017.03.28 17:19:31.379,0.9388,0.93903,1.00,1.00
2017.03.28 17:19:31.626,0.93872,0.93898,1.50,1.00
2017.03.28 17:19:34.665,0.93874,0.93898,1.00,1.00
2017.03.28 17:19:35.293,0.93875,0.93898,1.00,1.00
2017.03.28 17:19:39.548,0.93872,0.93897,1.50,1.00
2017.03.28 17:19:39.649,0.93872,0.93895,1.50,1.00
2017.03.28 17:19:41.074,0.93871,0.93894,1.00,1.00
2017.03.28 17:19:45.212,0.9387,0.93894,1.00,1.00
2017.03.28 17:19:46.214,0.9387,0.93893,1.00,1.00
2017.03.28 17:19:48.986,0.93869,0.93892,1.00,1.00
2017.03.28 17:19:49.260,0.93866,0.93892,1.00,1.00
2017.03.28 17:19:50.281,0.93866,0.93893,1.00,1.00
2017.03.28 17:19:50.793,0.93866,0.93892,1.00,1.00
2017.03.28 17:19:52.380,0.93867,0.9389,1.00,1.00
2017.03.28 17:19:52.682,0.93871,0.93894,1.00,1.00
2017.03.28 17:19:53.553,0.93869,0.93894,1.00,1.00
2017.03.28 17:19:55.145,0.9387,0.93895,1.00,1.00
2017.03.28 17:19:55.814,0.93869,0.93894,1.00,1.00
2017.03.28 17:19:56.489,0.93871,0.93894,1.00,1.00
2017.03.28 17:19:57.432,0.93872,0.93897,1.00,1.00
2017.03.28 17:19:57.583,0.93874,0.93897,1.00,1.00
2017.03.28 17:19:58.586,0.93873,0.93899,1.00,1.00
2017.03.28 17:20:00.220,0.93874,0.93899,1.00,1.00
2017.03.28 17:20:04.089,0.93874,0.939,1.00,1.00
2017.03.28 17:20:04.140,0.93872,0.93898,1.00,1.00
2017.03.28 17:20:06.986,0.93874,0.93897,1.00,1.00
2017.03.28 17:20:07.547,0.93875,0.93898,1.00,1.00
2017.03.28 17:20:08.915,0.93874,0.939,1.00,1.00
2017.03.28 17:20:10.234,0.93874,0.93899,1.00,1.00
2017.03.28 17:20:10.853,0.93873,0.93898,1.00,1.00
2017.03.28 17:20:11.955,0.93875,0.93898,1.00,1.00
2017.03.28 17:20:15.763,0.93874,0.93898,1.00,1.00
2017.03.28 17:20:16.311,0.93873,0.93897,1.00,1.00
2017.03.28 17:20:16.962,0.93872,0.93897,1.00,1.00
2017.03.28 17:20:17.339,0.93874,0.93897,1.00,1.00
2017.03.28 17:20:17.962,0.93873,0.93896,1.00,1.00
2017.03.28 17:20:24.241,0.93872,0.93895,1.00,1.00
2017.03.28 17:20:24.292,0.9387,0.93895,1.00,1.00
2017.03.28 17:20:24.412,0.9387,0.93893,1.00,1.00
2017.03.28 17:20:25.243,0.93868,0.93893,1.00,1.00
2017.03.28 17:20:26.985,0.93867,0.93893,1.00,1.00
2017.03.28 17:20:27.988,0.93868,0.93891,1.00,1.00
2017.03.28 17:20:30.262,0.93866,0.93892,1.00,1.00
2017.03.28 17:20:32.000,0.93868,0.93891,1.00,1.00
2017.03.28 17:20:32.433,0.93868,0.93893,1.00,1.00
2017.03.28 17:20:36.366,0.9387,0.93894,1.00,1.00
2017.03.28 17:20:41.514,0.93869,0.93894,1.00,1.00
2017.03.28 17:20:43.030,0.93869,0.93893,1.00,1.00
2017.03.28 17:20:43.993,0.93869,0.93892,1.00,1.00
2017.03.28 17:20:45.793,0.93869,0.93893,1.00,1.00
2017.03.28 17:20:51.045,0.93867,0.93893,1.00,1.00
2017.03.28 17:20:51.095,0.93869,0.93894,1.00,1.00
2017.03.28 17:20:51.404,0.93871,0.93894,1.00,1.00
2017.03.28 17:20:52.249,0.9387,0.93896,1.00,1.00
2017.03.28 17:20:53.547,0.9387,0.93893,1.00,1.00
2017.03.28 17:20:56.545,0.93869,0.93895,1.00,1.00
2017.03.28 17:20:58.205,0.93871,0.93894,1.00,1.00
2017.03.28 17:21:02.292,0.93872,0.93897,1.00,1.00
2017.03.28 17:21:05.017,0.93872,0.93895,1.00,1.00
2017.03.28 17:21:05.068,0.93874,0.939,1.00,1.00
2017.03.28 17:21:05.344,0.93876,0.93901,1.00,1.00
2017.03.28 17:21:06.001,0.93874,0.939,1.00,1.00
2017.03.28 17:21:06.738,0.93876,0.93902,1.00,1.00
2017.03.28 17:21:07.519,0.93877,0.93902,1.00,1.00
2017.03.28 17:21:07.722,0.93875,0.93901,1.00,1.00
2017.03.28 17:21:07.773,0.93875,0.93898,1.00,1.00
2017.03.28 17:21:07.873,0.93872,0.93897,1.00,1.00
2017.03.28 17:21:07.924,0.9387,0.93897,1.00,1.00
2017.03.28 17:21:08.680,0.93871,0.93897,1.00,1.00
2017.03.28 17:21:12.075,0.93873,0.93897,1.00,1.00
2017.03.28 17:21:13.210,0.93872,0.93896,1.00,1.00
2017.03.28 17:21:13.361,0.93868,0.93893,1.00,1.00
2017.03.28 17:21:14.244,0.93865,0.93888,1.00,1.00
2017.03.28 17:21:15.082,0.93865,0.9389,1.00,1.00
2017.03.28 17:21:15.858,0.93867,0.9389,1.00,1.00
2017.03.28 17:21:16.710,0.93865,0.9389,1.00,1.00
2017.03.28 17:21:16.941,0.93867,0.9389,1.00,1.00
2017.03.28 17:21:17.402,0.93867,0.93892,1.00,1.00
2017.03.28 17:21:18.977,0.93866,0.93889,1.00,1.00
2017.03.28 17:21:19.028,0.93864,0.93889,1.00,1.00
2017.03.28 17:21:20.588,0.93864,0.93887,1.00,1.00
2017.03.28 17:21:25.000,0.93864,0.93889,1.00,1.00
2017.03.28 17:21:25.953,0.93865,0.93889,1.00,1.00
2017.03.28 17:21:26.468,0.93863,0.93887,1.00,1.00
2017.03.28 17:21:27.088,0.93862,0.93886,1.00,1.00
2017.03.28 17:21:30.382,0.93862,0.93885,1.00,1.00
2017.03.28 17:21:31.961,0.93862,0.93886,1.00,1.00
2017.03.28 17:21:35.530,0.9386,0.93884,1.00,1.00
2017.03.28 17:21:39.237,0.93862,0.93885,1.00,1.00
2017.03.28 17:21:41.634,0.93861,0.93885,1.00,1.00
2017.03.28 17:21:42.135,0.93859,0.93884,1.00,1.00
2017.03.28 17:21:42.236,0.93861,0.93887,1.00,1.00
2017.03.28 17:21:43.187,0.93862,0.93885,1.00,1.00
2017.03.28 17:21:43.573,0.9386,0.93884,1.00,1.00
2017.03.28 17:21:43.728,0.93859,0.93882,1.00,1.00
2017.03.28 17:21:44.576,0.93858,0.93882,1.00,1.00
2017.03.28 17:21:45.913,0.93859,0.93883,1.00,1.00
2017.03.28 17:21:54.630,0.93858,0.93882,1.00,1.00
2017.03.28 17:21:54.802,0.93865,0.9389,1.00,1.00
2017.03.28 17:21:55.327,0.93864,0.93888,1.00,1.00
2017.03.28 17:21:56.664,0.93864,0.93889,1.00,1.00
2017.03.28 17:21:57.665,0.93864,0.93888,1.00,1.00
2017.03.28 17:21:58.481,0.9386,0.93886,1.00,1.00
2017.03.28 17:21:58.582,0.93858,0.93883,1.00,1.00
2017.03.28 17:22:00.969,0.93858,0.93884,1.00,1.00
2017.03.28 17:22:05.048,0.93861,0.93884,1.00,1.00
2017.03.28 17:22:05.099,0.93863,0.93889,1.00,1.00
2017.03.28 17:22:05.150,0.93867,0.9389,1.00,1.00
2017.03.28 17:22:05.520,0.93867,0.93893,1.00,1.00
2017.03.28 17:22:06.125,0.93869,0.93892,1.00,1.00
2017.03.28 17:22:06.971,0.93869,0.93894,1.00,1.00
2017.03.28 17:22:15.472,0.93869,0.93892,1.00,1.00
2017.03.28 17:22:21.972,0.93869,0.93895,1.00,1.00
2017.03.28 17:22:22.026,0.93868,0.93893,1.00,1.00
2017.03.28 17:22:24.214,0.93869,0.93892,1.00,1.00
2017.03.28 17:22:24.265,0.93867,0.93891,1.00,1.00
2017.03.28 17:22:24.316,0.93869,0.93892,1.00,1.00
2017.03.28 17:22:25.238,0.93868,0.93892,1.00,1.00
2017.03.28 17:22:26.555,0.93869,0.93894,1.00,1.00
2017.03.28 17:22:27.225,0.93869,0.93892,1.00,1.00
2017.03.28 17:22:31.004,0.93868,0.93892,1.00,1.00
2017.03.28 17:22:38.690,0.93867,0.93892,1.00,1.00
2017.03.28 17:22:39.014,0.93867,0.9389,1.00,1.00
2017.03.28 17:22:39.653,0.93865,0.9389,1.00,1.00
2017.03.28 17:22:40.389,0.93867,0.93892,1.00,1.00
2017.03.28 17:22:41.223,0.93867,0.93893,1.00,1.00
2017.03.28 17:22:41.691,0.9387,0.93893,1.00,1.00
2017.03.28 17:22:45.748,0.93869,0.93895,1.00,1.00
2017.03.28 17:22:46.748,0.93869,0.93894,1.00,1.00
2017.03.28 17:22:49.016,0.9387,0.93895,1.00,1.00
2017.03.28 17:22:49.295,0.93872,0.93896,1.00,1.00
2017.03.28 17:22:52.798,0.93871,0.93895,1.00,1.00
2017.03.28 17:22:53.100,0.93868,0.93894,1.00,1.00
2017.03.28 17:22:53.201,0.93867,0.93892,1.00,1.00
2017.03.28 17:22:54.959,0.93863,0.93889,1.50,1.00
2017.03.28 17:22:55.061,0.93863,0.93886,1.00,1.00
2017.03.28 17:22:55.994,0.93862,0.93887,1.00,1.00
2017.03.28 17:22:56.296,0.93864,0.93889,1.00,1.00
2017.03.28 17:22:57.312,0.93862,0.93888,1.00,1.00
2017.03.28 17:22:57.887,0.93862,0.93886,1.00,1.00
2017.03.28 17:22:58.888,0.93862,0.93885,1.00,1.00
2017.03.28 17:23:00.578,0.93861,0.93885,1.00,1.00
2017.03.28 17:23:01.114,0.93862,0.93886,1.00,1.00
2017.03.28 17:23:04.262,0.93864,0.93887,1.00,1.00
2017.03.28 17:23:08.063,0.93862,0.93886,1.00,1.00
2017.03.28 17:23:11.814,0.93863,0.93886,1.00,1.00
2017.03.28 17:23:12.816,0.93861,0.93887,1.00,1.00
2017.03.28 17:23:15.592,0.93862,0.93885,1.00,1.00
2017.03.28 17:23:16.094,0.93863,0.93886,1.00,1.00
2017.03.28 17:23:16.733,0.93862,0.93885,1.00,1.00
2017.03.28 17:23:33.914,0.93863,0.93887,1.00,1.00
2017.03.28 17:23:34.945,0.93863,0.93886,1.00,1.00
2017.03.28 17:23:35.458,0.93862,0.93885,1.00,1.00
2017.03.28 17:23:41.874,0.93862,0.93886,1.00,1.00
2017.03.28 17:23:45.356,0.93864,0.93887,1.00,1.00
2017.03.28 17:23:52.256,0.93865,0.93888,1.00,1.00
2017.03.28 17:23:53.257,0.93865,0.9389,1.00,1.00
2017.03.28 17:23:53.590,0.93867,0.93892,1.00,1.00
2017.03.28 17:23:53.892,0.93871,0.93896,1.00,1.00
2017.03.28 17:23:54.153,0.93872,0.93898,1.00,1.00
2017.03.28 17:23:54.713,0.93873,0.93899,1.00,1.00
2017.03.28 17:23:55.930,0.93873,0.93897,1.00,1.00
2017.03.28 17:23:57.405,0.93874,0.93897,1.00,1.00
2017.03.28 17:24:01.184,0.93875,0.93898,1.00,1.00
2017.03.28 17:24:02.332,0.93874,0.93897,1.00,1.00
2017.03.28 17:24:03.079,0.93875,0.93898,1.00,1.00
2017.03.28 17:24:03.652,0.93876,0.93899,1.00,1.00
2017.03.28 17:24:06.348,0.93876,0.93901,1.00,1.00
2017.03.28 17:24:06.398,0.93878,0.93901,1.00,1.00
2017.03.28 17:24:06.549,0.93876,0.939,1.00,1.00
2017.03.28 17:24:07.510,0.93875,0.939,1.00,1.00
2017.03.28 17:24:10.176,0.93873,0.93898,1.00,1.00
2017.03.28 17:24:12.435,0.93875,0.93898,1.00,1.00
2017.03.28 17:24:14.354,0.93873,0.93898,1.00,1.00
2017.03.28 17:24:15.367,0.93873,0.93897,1.00,1.00
2017.03.28 17:24:16.431,0.93874,0.93898,1.00,1.00
2017.03.28 17:24:17.164,0.93875,0.93898,1.00,1.00
2017.03.28 17:24:20.353,0.93874,0.93897,1.00,1.00
2017.03.28 17:24:24.471,0.93874,0.93898,1.00,1.00
2017.03.28 17:24:25.439,0.93874,0.93899,1.00,1.00
2017.03.28 17:24:27.300,0.93873,0.93897,1.00,1.00
2017.03.28 17:24:28.301,0.93873,0.93896,1.00,1.00
2017.03.28 17:24:29.820,0.93872,0.93898,1.00,1.00
2017.03.28 17:24:29.870,0.93872,0.93896,1.00,1.00
2017.03.28 17:24:31.123,0.9387,0.93893,1.00,1.00
2017.03.28 17:24:31.174,0.93865,0.9389,1.00,1.00
2017.03.28 17:24:31.325,0.93863,0.93888,1.00,1.00
2017.03.28 17:24:31.878,0.93864,0.93887,1.00,1.00
2017.03.28 17:24:34.546,0.93862,0.93886,1.00,1.00
2017.03.28 17:24:35.131,0.93864,0.93887,1.00,1.00
2017.03.28 17:24:38.172,0.93865,0.93888,1.00,1.00
2017.03.28 17:24:46.273,0.93863,0.93889,1.00,1.00
2017.03.28 17:24:54.893,0.93863,0.93886,1.00,1.00
2017.03.28 17:24:55.177,0.93863,0.93888,1.00,1.00
2017.03.28 17:24:55.278,0.93866,0.9389,1.00,1.00
2017.03.28 17:24:55.895,0.93865,0.93888,1.00,1.00
2017.03.28 17:24:57.525,0.93865,0.9389,1.00,1.00
2017.03.28 17:24:58.441,0.93867,0.9389,1.00,1.00
2017.03.28 17:24:59.202,0.93867,0.93891,1.00,1.00
2017.03.28 17:24:59.859,0.93868,0.93892,1.00,1.00
2017.03.28 17:25:00.471,0.93869,0.93894,1.00,1.00
2017.03.28 17:25:00.572,0.9387,0.93896,1.00,1.00
2017.03.28 17:25:00.622,0.93873,0.93897,1.00,1.50
2017.03.28 17:25:02.380,0.93874,0.93897,1.00,1.50
2017.03.28 17:25:03.321,0.9387,0.93893,1.00,1.00
2017.03.28 17:25:03.487,0.93873,0.93898,1.00,1.50
2017.03.28 17:25:03.739,0.93874,0.939,1.00,1.00
2017.03.28 17:25:07.344,0.93873,0.93898,1.00,1.00
2017.03.28 17:25:08.711,0.9387,0.93895,1.00,1.00
2017.03.28 17:25:09.049,0.93875,0.93898,1.00,1.00
2017.03.28 17:25:09.799,0.93874,0.93897,1.00,1.00
2017.03.28 17:25:12.555,0.93872,0.93898,1.00,1.00
2017.03.28 17:25:16.333,0.93873,0.93899,1.00,1.00
2017.03.28 17:25:17.865,0.93875,0.93898,1.00,1.00
2017.03.28 17:25:22.993,0.93875,0.939,1.00,1.00
2017.03.28 17:25:27.084,0.93875,0.93899,1.00,1.00
2017.03.28 17:25:27.545,0.93877,0.93901,1.00,1.00
2017.03.28 17:25:27.646,0.93879,0.93904,1.00,1.00
2017.03.28 17:25:28.565,0.9388,0.93905,1.00,1.00
2017.03.28 17:25:30.889,0.93881,0.93905,1.00,1.00
2017.03.28 17:25:31.890,0.93881,0.93906,1.00,1.00
2017.03.28 17:25:32.330,0.93875,0.93901,1.00,1.00
2017.03.28 17:25:32.431,0.93878,0.93902,1.00,1.00
2017.03.28 17:25:33.164,0.93879,0.93903,1.00,1.00
2017.03.28 17:25:36.148,0.93877,0.93901,1.00,1.00
2017.03.28 17:25:39.010,0.93875,0.939,1.00,1.00
2017.03.28 17:25:40.737,0.93875,0.93898,1.00,1.00
2017.03.28 17:25:41.039,0.93872,0.93892,1.00,1.00
2017.03.28 17:25:41.090,0.93869,0.93892,1.00,1.00
2017.03.28 17:25:42.130,0.93868,0.93894,1.00,1.00
2017.03.28 17:25:44.602,0.93867,0.93893,1.00,1.00
2017.03.28 17:25:45.892,0.93869,0.93892,1.00,1.00
2017.03.28 17:25:46.893,0.93868,0.93892,1.00,1.00
2017.03.28 17:25:57.681,0.93868,0.93894,1.00,1.00
2017.03.28 17:25:57.732,0.9387,0.93893,1.00,1.00
2017.03.28 17:25:59.687,0.93869,0.93892,1.00,1.00
2017.03.28 17:26:02.964,0.93867,0.93892,1.00,1.00
2017.03.28 17:26:09.395,0.93866,0.93892,1.00,1.00
2017.03.28 17:26:12.675,0.93868,0.93891,1.00,1.00
2017.03.28 17:26:13.384,0.93866,0.93889,1.00,1.00
2017.03.28 17:26:15.952,0.93866,0.9389,1.00,1.00
2017.03.28 17:26:27.705,0.93867,0.9389,1.00,1.00
2017.03.28 17:26:39.446,0.93868,0.93892,1.00,1.00
2017.03.28 17:26:42.735,0.93868,0.93893,1.00,1.00
2017.03.28 17:26:43.384,0.93866,0.93891,1.00,1.00
2017.03.28 17:26:43.485,0.93864,0.9389,1.00,1.00
2017.03.28 17:26:44.389,0.93865,0.93891,1.00,1.00
2017.03.28 17:26:47.105,0.93864,0.93889,1.00,1.00
2017.03.28 17:26:47.638,0.93863,0.93888,1.00,1.00
2017.03.28 17:26:47.944,0.93862,0.93886,1.00,1.00
2017.03.28 17:26:49.873,0.93864,0.93887,1.00,1.00
2017.03.28 17:26:50.663,0.9386,0.93885,1.00,1.00
2017.03.28 17:26:51.194,0.93859,0.93885,1.00,1.00
2017.03.28 17:26:51.792,0.9386,0.93886,1.00,1.00
2017.03.28 17:26:52.473,0.93862,0.93885,1.00,1.00
2017.03.28 17:26:53.968,0.93863,0.93888,1.00,1.00
2017.03.28 17:26:54.046,0.93866,0.93891,1.00,1.50
2017.03.28 17:26:54.812,0.93865,0.9389,1.00,1.00
2017.03.28 17:26:54.964,0.93861,0.93887,1.00,1.00
2017.03.28 17:26:55.065,0.93859,0.93886,1.00,1.00
2017.03.28 17:26:55.115,0.93858,0.93884,1.00,1.00
2017.03.28 17:26:55.856,0.93857,0.93882,1.00,1.00
2017.03.28 17:26:57.587,0.93856,0.93882,1.00,1.00
2017.03.28 17:26:57.888,0.93854,0.93879,1.00,1.00
2017.03.28 17:27:00.626,0.93855,0.93882,1.00,1.00
2017.03.28 17:27:00.777,0.93855,0.9388,1.00,1.00
2017.03.28 17:27:01.545,0.93854,0.93879,1.00,1.00
2017.03.28 17:27:02.723,0.93854,0.93878,1.00,1.00
2017.03.28 17:27:03.025,0.93852,0.93879,1.00,1.00
2017.03.28 17:27:03.238,0.93855,0.93879,1.00,1.00
2017.03.28 17:27:05.372,0.93854,0.93879,1.00,1.00
2017.03.28 17:27:06.468,0.93853,0.93876,1.00,1.00
2017.03.28 17:27:07.469,0.93852,0.93875,1.00,1.00
2017.03.28 17:27:09.149,0.9385,0.93875,1.00,1.00
2017.03.28 17:27:09.630,0.93848,0.93874,1.00,1.00
2017.03.28 17:27:09.932,0.93847,0.93872,1.00,1.00
2017.03.28 17:27:10.184,0.93849,0.93875,1.00,1.00
2017.03.28 17:27:11.812,0.93851,0.93874,1.00,1.00
2017.03.28 17:27:14.296,0.93852,0.93876,1.00,1.00
2017.03.28 17:27:15.451,0.93852,0.93875,1.00,1.00
2017.03.28 17:27:16.020,0.93851,0.93874,1.00,1.00
2017.03.28 17:27:16.978,0.9385,0.93876,1.00,1.00
2017.03.28 17:27:17.141,0.93853,0.93876,1.00,1.00
2017.03.28 17:27:18.136,0.93851,0.93876,1.00,1.00
2017.03.28 17:27:20.123,0.9385,0.93875,1.00,1.00
2017.03.28 17:27:21.468,0.93849,0.93874,1.00,1.00
2017.03.28 17:27:21.713,0.93854,0.93878,1.00,1.00
2017.03.28 17:27:22.515,0.93854,0.93879,1.00,1.00
2017.03.28 17:27:23.859,0.93853,0.93875,1.00,1.00
2017.03.28 17:27:23.910,0.9385,0.93874,1.00,1.00
2017.03.28 17:27:24.111,0.93849,0.93872,1.00,1.00
2017.03.28 17:27:25.110,0.93849,0.93873,1.00,1.00
2017.03.28 17:27:25.187,0.93847,0.93873,1.00,1.00
2017.03.28 17:27:26.109,0.93848,0.93874,1.00,1.00
2017.03.28 17:27:26.572,0.93854,0.93877,1.00,1.00
2017.03.28 17:27:27.687,0.93854,0.9388,1.00,1.00
2017.03.28 17:27:27.947,0.93857,0.9388,1.00,1.00
2017.03.28 17:27:28.741,0.93859,0.93882,1.00,1.00
2017.03.28 17:27:29.860,0.93856,0.93882,1.00,1.00
2017.03.28 17:27:30.411,0.93856,0.93881,1.00,1.00
2017.03.28 17:27:30.961,0.93857,0.9388,1.00,1.00
2017.03.28 17:27:32.988,0.93856,0.9388,1.00,1.00
2017.03.28 17:27:33.272,0.93862,0.93887,1.00,1.00
2017.03.28 17:27:33.348,0.93865,0.93888,1.00,1.00
2017.03.28 17:27:34.165,0.93863,0.93888,1.00,1.00
2017.03.28 17:27:34.276,0.93861,0.93887,1.00,1.00
2017.03.28 17:27:34.638,0.93864,0.93887,1.00,1.00
2017.03.28 17:27:35.873,0.93861,0.93887,1.00,1.00
2017.03.28 17:27:36.042,0.93864,0.93889,1.00,1.00
2017.03.28 17:27:40.304,0.93864,0.93887,1.00,1.00
2017.03.28 17:27:42.662,0.93863,0.93887,1.00,1.00
2017.03.28 17:27:43.198,0.93861,0.93887,1.00,1.00
2017.03.28 17:27:44.472,0.93856,0.93882,1.50,1.00
2017.03.28 17:27:44.623,0.9385,0.93879,1.50,1.00
2017.03.28 17:27:44.833,0.93856,0.93879,1.00,1.00
2017.03.28 17:27:45.628,0.93857,0.9388,1.00,1.00
2017.03.28 17:27:46.328,0.93858,0.93881,1.00,1.00
2017.03.28 17:27:46.881,0.93856,0.93881,1.00,1.00
2017.03.28 17:27:47.033,0.93856,0.93879,1.00,1.00
2017.03.28 17:27:48.883,0.93853,0.93879,1.00,1.00
2017.03.28 17:27:49.235,0.93852,0.93875,1.00,1.00
2017.03.28 17:27:57.885,0.93852,0.93876,1.00,1.00
2017.03.28 17:28:01.664,0.93852,0.93875,1.00,1.00
2017.03.28 17:28:04.902,0.93853,0.93877,1.00,1.00
2017.03.28 17:28:09.377,0.93854,0.93878,1.00,1.00
2017.03.28 17:28:10.357,0.93852,0.93877,1.00,1.00
2017.03.28 17:28:10.687,0.9385,0.93876,1.00,1.00
2017.03.28 17:28:12.414,0.93851,0.93876,1.00,1.00
2017.03.28 17:28:12.993,0.93851,0.93874,1.00,1.00
2017.03.28 17:28:17.705,0.9385,0.93873,1.00,1.00
2017.03.28 17:28:23.228,0.93848,0.93873,1.00,1.00
2017.03.28 17:28:23.450,0.9385,0.93873,1.00,1.00
2017.03.28 17:28:25.245,0.93848,0.93872,1.00,1.00
2017.03.28 17:28:26.504,0.93849,0.93872,1.00,1.00
2017.03.28 17:28:29.799,0.93848,0.93871,1.00,1.00
2017.03.28 17:28:32.121,0.93847,0.9387,1.00,1.00
2017.03.28 17:28:40.228,0.93848,0.93871,1.00,1.00
2017.03.28 17:28:40.433,0.93848,0.93873,1.00,1.00
2017.03.28 17:28:40.612,0.9385,0.93874,1.00,1.00
2017.03.28 17:28:40.914,0.93852,0.93875,1.00,1.00
2017.03.28 17:28:41.230,0.93854,0.93877,1.00,1.00
2017.03.28 17:28:41.616,0.93854,0.93879,1.00,1.00
2017.03.28 17:28:42.632,0.93853,0.93877,1.00,1.00
2017.03.28 17:28:42.733,0.93851,0.93876,1.50,1.00
2017.03.28 17:28:43.054,0.93853,0.93876,1.00,1.00
2017.03.28 17:28:43.364,0.93851,0.93875,1.00,1.00
2017.03.28 17:28:44.221,0.93849,0.93872,1.00,1.00
2017.03.28 17:28:44.271,0.93849,0.93875,1.00,1.00
2017.03.28 17:28:44.322,0.93848,0.93872,1.00,1.00
2017.03.28 17:28:44.903,0.93847,0.93872,1.00,1.50
2017.03.28 17:28:45.569,0.93847,0.93871,1.00,1.00
2017.03.28 17:28:46.300,0.93848,0.93871,1.00,1.00
2017.03.28 17:28:46.753,0.93846,0.9387,1.00,1.00
2017.03.28 17:28:47.000,0.93844,0.93869,1.50,1.00
2017.03.28 17:28:48.503,0.93844,0.9387,1.50,1.00
2017.03.28 17:28:48.554,0.93846,0.93871,1.00,1.00
2017.03.28 17:28:49.505,0.93846,0.9387,1.00,1.00
2017.03.28 17:28:53.075,0.93847,0.9387,1.00,1.00
2017.03.28 17:28:53.125,0.93845,0.9387,1.00,1.00
2017.03.28 17:28:54.101,0.93844,0.9387,1.50,1.00
2017.03.28 17:28:57.509,0.93846,0.93869,1.00,1.00
2017.03.28 17:29:00.037,0.93846,0.9387,1.00,1.00
2017.03.28 17:29:00.087,0.93846,0.93872,1.00,1.00
2017.03.28 17:29:01.818,0.93847,0.93873,1.00,1.00
2017.03.28 17:29:02.110,0.9385,0.93874,1.00,1.00
2017.03.28 17:29:02.424,0.93852,0.93876,1.00,1.00
2017.03.28 17:29:03.441,0.93857,0.93881,1.00,1.00
2017.03.28 17:29:03.699,0.93855,0.9388,1.00,1.00
2017.03.28 17:29:06.706,0.93856,0.93882,1.00,1.50
2017.03.28 17:29:06.924,0.93858,0.93881,1.00,1.00
2017.03.28 17:29:12.079,0.93851,0.93882,1.00,1.00
2017.03.28 17:29:12.235,0.93851,0.93886,1.00,1.37
2017.03.28 17:29:12.336,0.93854,0.93877,1.00,1.00
2017.03.28 17:29:13.012,0.93855,0.93878,1.00,1.00
2017.03.28 17:29:13.521,0.93854,0.93877,1.00,1.00
2017.03.28 17:29:14.099,0.93854,0.93879,1.00,1.00
2017.03.28 17:29:14.640,0.93854,0.9388,1.00,1.00
2017.03.28 17:29:15.868,0.93855,0.9388,1.00,1.00
2017.03.28 17:29:16.444,0.93857,0.9388,1.00,1.00
2017.03.28 17:29:16.774,0.93855,0.93878,1.00,1.00
2017.03.28 17:29:18.992,0.93853,0.93878,1.00,1.00
2017.03.28 17:29:19.244,0.93852,0.93876,1.00,1.00
2017.03.28 17:29:19.860,0.93853,0.93877,1.00,1.00
2017.03.28 17:29:20.346,0.93855,0.93878,1.00,1.00
2017.03.28 17:29:21.220,0.93856,0.93879,1.00,1.00
2017.03.28 17:29:21.650,0.93851,0.93872,1.00,1.00
2017.03.28 17:29:21.801,0.93847,0.93871,1.00,1.00
2017.03.28 17:29:21.902,0.93845,0.93871,1.00,1.00
2017.03.28 17:29:22.091,0.93842,0.93869,1.00,1.00
2017.03.28 17:29:22.624,0.93843,0.93868,1.00,1.00
2017.03.28 17:29:22.831,0.93843,0.9387,1.00,1.00
2017.03.28 17:29:25.312,0.93842,0.93867,1.00,1.00
2017.03.28 17:29:25.528,0.93842,0.93869,1.00,1.00
2017.03.28 17:29:26.297,0.93843,0.93868,1.00,1.00
2017.03.28 17:29:26.819,0.93842,0.93868,1.00,1.00
2017.03.28 17:29:27.223,0.93845,0.9387,1.00,1.00
2017.03.28 17:29:29.109,0.93843,0.93867,1.00,1.00
2017.03.28 17:29:30.088,0.93842,0.93867,1.00,1.00
2017.03.28 17:29:31.269,0.93843,0.93867,1.00,1.00
2017.03.28 17:29:32.271,0.93843,0.93866,1.00,1.00
2017.03.28 17:29:33.250,0.93841,0.93866,1.00,1.00
2017.03.28 17:29:34.215,0.93842,0.93866,1.00,1.00
2017.03.28 17:29:34.882,0.93844,0.93867,1.00,1.00
2017.03.28 17:29:38.135,0.93842,0.93866,1.00,1.00
2017.03.28 17:29:38.975,0.93843,0.93868,1.00,1.00
2017.03.28 17:29:41.401,0.93848,0.93874,1.00,1.50
2017.03.28 17:29:41.536,0.9385,0.93874,1.00,1.00
2017.03.28 17:29:42.210,0.9385,0.93875,1.00,1.00
2017.03.28 17:29:42.514,0.93848,0.93873,1.00,1.00
2017.03.28 17:29:43.468,0.93847,0.93873,1.00,1.00
2017.03.28 17:29:43.818,0.93847,0.9387,1.00,1.00
2017.03.28 17:29:44.319,0.93846,0.93871,1.00,1.00
2017.03.28 17:29:44.622,0.93844,0.93869,1.00,1.00
2017.03.28 17:29:45.172,0.93847,0.9387,1.00,1.00
2017.03.28 17:29:45.710,0.93847,0.93871,1.00,1.00
2017.03.28 17:29:46.577,0.93847,0.9387,1.00,1.00
2017.03.28 17:29:46.767,0.93845,0.93871,1.00,1.00
2017.03.28 17:29:47.592,0.93849,0.93872,1.00,1.00
2017.03.28 17:29:49.297,0.93848,0.93871,1.00,1.00
2017.03.28 17:29:51.740,0.93849,0.93873,1.00,1.00
2017.03.28 17:29:53.211,0.93848,0.93871,1.00,1.00
2017.03.28 17:29:53.312,0.93846,0.93871,1.00,1.00
2017.03.28 17:29:53.413,0.93845,0.93868,1.00,1.00
2017.03.28 17:29:53.715,0.93846,0.9387,1.00,1.00
2017.03.28 17:29:53.816,0.93848,0.93871,1.00,1.00
2017.03.28 17:29:54.489,0.93848,0.93874,1.00,1.00
2017.03.28 17:29:54.540,0.93851,0.93874,1.00,1.00
2017.03.28 17:29:57.625,0.9385,0.93874,1.00,1.00
2017.03.28 17:29:57.926,0.93852,0.93876,1.00,1.00
2017.03.28 17:29:58.232,0.93848,0.93871,1.50,1.00
2017.03.28 17:29:58.333,0.93845,0.93871,1.00,1.00
2017.03.28 17:29:58.922,0.93845,0.93869,1.00,1.00
2017.03.28 17:29:59.251,0.93847,0.9387,1.00,1.00
2017.03.28 17:30:00.030,0.93847,0.93871,1.00,1.00
2017.03.28 17:30:01.402,0.93847,0.9387,1.00,1.00
2017.03.28 17:30:01.715,0.93848,0.93873,1.00,1.00
2017.03.28 17:30:08.807,0.93847,0.93871,1.00,1.00
2017.03.28 17:30:11.848,0.93849,0.93872,1.00,1.00
2017.03.28 17:30:12.892,0.93848,0.93871,1.00,1.00
2017.03.28 17:30:13.409,0.93849,0.93872,1.00,1.00
2017.03.28 17:30:13.916,0.9385,0.93873,1.00,1.00
2017.03.28 17:30:14.186,0.93847,0.93872,1.00,1.00
2017.03.28 17:30:17.491,0.93847,0.93871,1.00,1.00
2017.03.28 17:30:17.966,0.93843,0.93867,1.00,1.00
2017.03.28 17:30:18.357,0.93842,0.93865,1.00,1.00
2017.03.28 17:30:19.039,0.93842,0.93867,1.00,1.00
2017.03.28 17:30:21.498,0.93844,0.93867,1.00,1.00
2017.03.28 17:30:24.243,0.93842,0.93867,1.00,1.00
2017.03.28 17:30:24.847,0.93844,0.93868,1.00,1.00
2017.03.28 17:30:25.935,0.93845,0.93868,1.00,1.00
2017.03.28 17:30:27.203,0.93846,0.93869,1.00,1.00
2017.03.28 17:30:27.717,0.93844,0.93868,1.00,1.00
2017.03.28 17:30:28.314,0.93843,0.93867,1.00,1.00
2017.03.28 17:30:31.963,0.93844,0.93868,1.00,1.00
2017.03.28 17:30:34.352,0.93845,0.9387,1.00,1.00
2017.03.28 17:30:34.856,0.93845,0.93871,1.00,1.00
2017.03.28 17:30:35.360,0.93847,0.9387,1.00,1.00
2017.03.28 17:30:41.189,0.93845,0.93868,1.00,1.00
2017.03.28 17:30:42.714,0.93845,0.93869,1.00,1.00
2017.03.28 17:30:43.716,0.93845,0.93868,1.00,1.00
2017.03.28 17:30:46.339,0.93842,0.93868,1.00,1.00
2017.03.28 17:30:46.389,0.93841,0.93866,1.00,1.00
2017.03.28 17:30:47.301,0.9384,0.93866,1.00,1.00
2017.03.28 17:30:48.303,0.93841,0.93864,1.00,1.00
2017.03.28 17:30:49.937,0.93842,0.93867,1.00,1.00
2017.03.28 17:30:50.168,0.93844,0.93869,1.00,1.00
2017.03.28 17:30:51.023,0.93842,0.93868,1.00,1.00
2017.03.28 17:30:54.547,0.93845,0.93868,1.00,1.00
2017.03.28 17:30:54.924,0.93847,0.93871,1.00,1.00
2017.03.28 17:30:56.025,0.93846,0.93871,1.00,1.00
2017.03.28 17:30:57.001,0.93847,0.93873,1.00,1.00
2017.03.28 17:30:57.202,0.9385,0.93873,1.00,1.00
2017.03.28 17:30:57.353,0.93846,0.93871,1.00,1.00
2017.03.28 17:30:58.245,0.93846,0.93872,1.00,1.50
2017.03.28 17:31:00.952,0.93844,0.93868,1.00,1.00
2017.03.28 17:31:01.537,0.93845,0.9387,1.00,1.00
2017.03.28 17:31:02.509,0.93845,0.93869,1.00,1.00
2017.03.28 17:31:05.980,0.93846,0.9387,1.00,1.00
2017.03.28 17:31:06.939,0.93847,0.9387,1.00,1.00
2017.03.28 17:31:07.452,0.93846,0.93869,1.00,1.00
2017.03.28 17:31:07.503,0.93844,0.93869,1.00,1.00
2017.03.28 17:31:07.671,0.93842,0.93868,1.00,1.00
2017.03.28 17:31:08.480,0.93843,0.93866,1.00,1.00
2017.03.28 17:31:08.581,0.93841,0.93866,1.00,1.00
2017.03.28 17:31:12.773,0.93841,0.93867,1.00,1.00
2017.03.28 17:31:13.775,0.93843,0.93866,1.00,1.00
2017.03.28 17:31:16.555,0.93842,0.93868,1.00,1.00
2017.03.28 17:31:17.554,0.93842,0.93867,1.00,1.00
2017.03.28 17:31:18.020,0.9384,0.93865,1.00,1.00
2017.03.28 17:31:18.122,0.93838,0.93864,1.00,1.00
2017.03.28 17:31:18.621,0.93836,0.93861,1.00,1.00
2017.03.28 17:31:21.246,0.93836,0.9386,1.00,1.00
2017.03.28 17:31:22.989,0.93834,0.93858,1.00,1.00
2017.03.28 17:31:26.476,0.93835,0.9386,1.00,1.00
2017.03.28 17:31:27.804,0.93836,0.9386,1.00,1.00
2017.03.28 17:31:28.806,0.93837,0.9386,1.00,1.00
2017.03.28 17:31:31.582,0.93837,0.93861,1.00,1.00
2017.03.28 17:31:32.354,0.93835,0.93861,1.00,1.00
2017.03.28 17:31:33.846,0.93838,0.93862,1.00,1.00
2017.03.28 17:31:34.246,0.9384,0.93864,1.00,1.00
2017.03.28 17:31:34.887,0.93841,0.93865,1.00,1.00
2017.03.28 17:31:35.447,0.93842,0.93865,1.00,1.00
2017.03.28 17:31:36.397,0.93841,0.93865,1.00,1.00
2017.03.28 17:31:39.594,0.93841,0.93867,1.00,1.00
2017.03.28 17:31:39.967,0.93843,0.93867,1.00,1.00
2017.03.28 17:31:40.660,0.93842,0.93866,1.00,1.00
2017.03.28 17:31:41.447,0.93842,0.93867,1.00,1.00
2017.03.28 17:31:41.987,0.9384,0.93865,1.00,1.00
2017.03.28 17:31:42.712,0.9384,0.93866,1.00,1.00
2017.03.28 17:31:43.684,0.9384,0.93865,1.00,1.00
2017.03.28 17:31:43.927,0.93836,0.93863,1.00,1.00
2017.03.28 17:31:44.634,0.93838,0.93863,1.00,1.00
2017.03.28 17:31:45.158,0.93837,0.93862,1.00,1.00
2017.03.28 17:31:46.555,0.93838,0.93862,1.00,1.00
2017.03.28 17:31:52.888,0.93838,0.93864,1.00,1.00
2017.03.28 17:31:55.103,0.93839,0.93865,1.00,1.00
2017.03.28 17:31:55.777,0.9384,0.93865,1.00,1.00
2017.03.28 17:31:56.097,0.93841,0.93867,1.00,1.00
2017.03.28 17:31:57.258,0.93841,0.93865,1.00,1.00
2017.03.28 17:31:57.897,0.9384,0.93865,1.00,1.00
2017.03.28 17:31:58.666,0.9384,0.93863,1.00,1.00
2017.03.28 17:31:59.026,0.93836,0.93862,1.00,1.00
2017.03.28 17:31:59.739,0.93837,0.93863,1.00,1.00
2017.03.28 17:31:59.909,0.93836,0.93861,1.00,1.00
2017.03.28 17:32:01.716,0.93837,0.93863,1.00,1.00
2017.03.28 17:32:02.397,0.93838,0.93864,1.00,1.00
2017.03.28 17:32:02.745,0.9384,0.93864,1.00,1.00
2017.03.28 17:32:03.416,0.93841,0.93865,1.00,1.00
2017.03.28 17:32:04.015,0.9384,0.93864,1.00,1.00
2017.03.28 17:32:04.692,0.9384,0.93866,1.00,1.00
2017.03.28 17:32:07.398,0.93841,0.93867,1.00,1.00
2017.03.28 17:32:08.547,0.93843,0.93868,1.00,1.00
2017.03.28 17:32:08.849,0.93845,0.93868,1.00,1.00
2017.03.28 17:32:09.180,0.93843,0.93866,1.00,1.00
2017.03.28 17:32:09.680,0.93844,0.93868,1.00,1.00
2017.03.28 17:32:10.745,0.93845,0.93868,1.00,1.00
2017.03.28 17:32:11.150,0.93846,0.93871,1.00,1.00
2017.03.28 17:32:11.813,0.93845,0.93871,1.00,1.00
2017.03.28 17:32:12.894,0.93848,0.93871,1.00,1.00
2017.03.28 17:32:13.395,0.93846,0.93872,1.00,1.00
2017.03.28 17:32:16.868,0.93842,0.93866,1.00,1.00
2017.03.28 17:32:18.146,0.93843,0.93866,1.00,1.00
2017.03.28 17:32:19.670,0.9384,0.93865,1.00,1.00
2017.03.28 17:32:19.883,0.93839,0.93863,1.00,1.00
2017.03.28 17:32:20.189,0.93838,0.93861,1.00,1.00
2017.03.28 17:32:20.240,0.93838,0.93864,1.00,1.00
2017.03.28 17:32:20.492,0.93837,0.93862,1.00,1.00
2017.03.28 17:32:20.844,0.93835,0.9386,1.00,1.00
2017.03.28 17:32:21.198,0.93837,0.9386,1.00,1.00
2017.03.28 17:32:21.309,0.93835,0.93859,1.50,1.00
2017.03.28 17:32:21.824,0.93834,0.93858,1.00,1.50
2017.03.28 17:32:24.195,0.93832,0.93857,1.00,1.00
2017.03.28 17:32:24.245,0.93834,0.93858,1.00,1.00
2017.03.28 17:32:25.625,0.93835,0.93858,1.00,1.00
2017.03.28 17:32:26.487,0.93836,0.93859,1.00,1.00
2017.03.28 17:32:27.612,0.93836,0.9386,1.00,1.00
2017.03.28 17:32:28.241,0.93837,0.93861,1.00,1.00
2017.03.28 17:32:28.342,0.93835,0.9386,1.00,1.00
2017.03.28 17:32:31.424,0.93837,0.9386,1.00,1.00
2017.03.28 17:32:31.531,0.93836,0.93862,1.00,1.00
2017.03.28 17:32:32.110,0.93839,0.93863,1.00,1.50
2017.03.28 17:32:38.338,0.9384,0.93863,1.00,1.00
2017.03.28 17:32:38.539,0.9384,0.93865,1.00,1.00
2017.03.28 17:32:39.446,0.9384,0.93866,1.00,1.00
2017.03.28 17:32:40.419,0.93841,0.93867,1.00,1.00
2017.03.28 17:32:42.954,0.93842,0.93865,1.00,1.00
2017.03.28 17:32:43.455,0.93843,0.93866,1.00,1.00
2017.03.28 17:32:44.327,0.93844,0.93867,1.00,1.00
2017.03.28 17:32:44.851,0.93844,0.93868,1.00,1.00
2017.03.28 17:32:45.500,0.93846,0.93868,1.00,1.00
2017.03.28 17:32:46.036,0.93846,0.93869,1.00,1.00
2017.03.28 17:32:47.233,0.93845,0.93869,1.00,1.00
2017.03.28 17:32:47.851,0.93847,0.93871,1.00,1.00
2017.03.28 17:32:48.302,0.93845,0.9387,1.00,1.00
2017.03.28 17:32:48.510,0.93845,0.93867,1.00,1.00
2017.03.28 17:32:48.561,0.93845,0.9387,1.00,1.00
2017.03.28 17:32:49.960,0.93845,0.93868,1.00,1.00
2017.03.28 17:32:56.262,0.93845,0.93871,1.00,1.00
2017.03.28 17:32:56.312,0.93848,0.93873,1.00,1.00
2017.03.28 17:32:56.615,0.9385,0.93875,1.00,1.00
2017.03.28 17:32:57.289,0.93852,0.93875,1.00,1.00
2017.03.28 17:32:57.683,0.9385,0.93874,1.00,1.00
2017.03.28 17:32:58.684,0.9385,0.93873,1.00,1.00
2017.03.28 17:33:01.332,0.93847,0.93871,1.00,1.00
2017.03.28 17:33:01.383,0.93847,0.93868,1.00,1.00
2017.03.28 17:33:01.433,0.93845,0.93868,1.00,1.00
2017.03.28 17:33:01.944,0.93842,0.93865,1.00,1.00
2017.03.28 17:33:02.246,0.9384,0.93864,1.00,1.00
2017.03.28 17:33:04.284,0.93839,0.93862,1.00,1.00
2017.03.28 17:33:04.624,0.93839,0.93865,1.00,1.00
2017.03.28 17:33:13.519,0.9384,0.93865,1.00,1.00
2017.03.28 17:33:14.831,0.93842,0.93865,1.00,1.00
2017.03.28 17:33:15.161,0.93844,0.93867,1.00,1.00
2017.03.28 17:33:15.820,0.93845,0.93869,1.00,1.00
2017.03.28 17:33:17.293,0.93844,0.93869,1.00,1.00
2017.03.28 17:33:18.246,0.93843,0.93867,1.00,1.00
2017.03.28 17:33:20.125,0.93842,0.93866,1.00,1.00
2017.03.28 17:33:20.326,0.93842,0.93868,1.00,1.00
2017.03.28 17:33:22.809,0.93845,0.93869,1.00,1.00
2017.03.28 17:33:23.374,0.93844,0.93868,1.00,1.00
2017.03.28 17:33:25.864,0.93842,0.93865,1.00,1.00
2017.03.28 17:33:25.914,0.9384,0.93864,1.00,1.00
2017.03.28 17:33:25.965,0.93834,0.93859,1.50,1.00
2017.03.28 17:33:26.015,0.93833,0.93857,1.00,1.00
2017.03.28 17:33:26.116,0.93831,0.93856,1.00,1.00
2017.03.28 17:33:26.167,0.93829,0.93854,1.00,1.00
2017.03.28 17:33:27.159,0.9383,0.93854,1.00,1.00
2017.03.28 17:33:28.161,0.9383,0.93855,1.00,1.00
2017.03.28 17:33:29.211,0.93831,0.93855,1.00,1.00
2017.03.28 17:33:30.382,0.93832,0.93858,1.00,1.00
2017.03.28 17:33:30.915,0.93832,0.93857,1.00,1.00
2017.03.28 17:33:31.464,0.93832,0.93858,1.00,1.00
2017.03.28 17:33:31.961,0.93835,0.93859,1.00,1.50
2017.03.28 17:33:32.112,0.93835,0.93861,1.00,1.00
2017.03.28 17:33:32.163,0.93838,0.93863,1.00,1.50
2017.03.28 17:33:32.994,0.93837,0.93862,1.00,1.00
2017.03.28 17:33:33.591,0.93838,0.93862,1.00,1.00
2017.03.28 17:33:35.047,0.93836,0.93861,1.00,1.00
2017.03.28 17:33:37.765,0.93836,0.9386,1.00,1.00
2017.03.28 17:33:38.067,0.93838,0.93861,1.00,1.00
2017.03.28 17:33:38.770,0.93837,0.93861,1.00,1.00
2017.03.28 17:33:40.913,0.93839,0.93862,1.00,1.00
2017.03.28 17:33:41.014,0.9384,0.93865,1.00,1.00
2017.03.28 17:33:43.576,0.9384,0.93864,1.00,1.00
2017.03.28 17:33:46.892,0.93841,0.93864,1.00,1.00
2017.03.28 17:33:47.386,0.93842,0.93866,1.00,1.00
2017.03.28 17:33:48.355,0.93843,0.93866,1.00,1.00
2017.03.28 17:33:49.481,0.93842,0.93865,1.00,1.00
2017.03.28 17:33:50.481,0.93841,0.93865,1.00,1.00
2017.03.28 17:33:52.516,0.93843,0.93866,1.00,1.00
2017.03.28 17:33:53.501,0.93842,0.93868,1.00,1.00
2017.03.28 17:33:56.905,0.93844,0.93867,1.00,1.00
2017.03.28 17:33:57.875,0.93843,0.93869,1.00,1.00
2017.03.28 17:33:59.201,0.93842,0.93868,1.00,1.00
2017.03.28 17:34:00.324,0.93844,0.93868,1.00,1.00
2017.03.28 17:34:02.397,0.93845,0.93868,1.00,1.00
2017.03.28 17:34:04.591,0.93848,0.93873,1.00,1.50
2017.03.28 17:34:04.641,0.9385,0.93873,1.00,1.00
2017.03.28 17:34:04.692,0.93847,0.93873,1.00,1.00
2017.03.28 17:34:04.743,0.93846,0.93871,1.00,1.00
2017.03.28 17:34:05.045,0.93844,0.93868,1.00,1.00
2017.03.28 17:34:08.848,0.93845,0.9387,1.00,1.00
2017.03.28 17:34:09.076,0.93847,0.9387,1.00,1.00
2017.03.28 17:34:14.447,0.93849,0.93872,1.00,1.00
2017.03.28 17:34:14.965,0.93848,0.93871,1.00,1.00
2017.03.28 17:34:17.414,0.93848,0.93872,1.00,1.50
2017.03.28 17:34:18.149,0.93847,0.93872,1.00,1.50
2017.03.28 17:34:18.474,0.93844,0.93868,1.00,1.00
2017.03.28 17:34:18.901,0.9384,0.93864,1.00,1.00
2017.03.28 17:34:19.661,0.9384,0.93866,1.00,1.00
2017.03.28 17:34:20.389,0.93842,0.93866,1.00,1.00
2017.03.28 17:34:20.758,0.93841,0.93864,1.00,1.00
2017.03.28 17:34:21.388,0.93841,0.93867,1.00,1.00
2017.03.28 17:34:22.090,0.93843,0.93867,1.00,1.00
2017.03.28 17:34:22.410,0.93845,0.93869,1.00,1.00
2017.03.28 17:34:22.461,0.93842,0.93868,1.00,1.00
2017.03.28 17:34:23.671,0.93844,0.93869,1.00,1.00
2017.03.28 17:34:24.334,0.93843,0.93866,1.00,1.00
2017.03.28 17:34:24.882,0.93843,0.93867,1.00,1.00
2017.03.28 17:34:25.263,0.93845,0.93868,1.00,1.00
2017.03.28 17:34:25.847,0.93846,0.93869,1.00,1.00
2017.03.28 17:34:26.381,0.93843,0.93868,1.00,1.00
2017.03.28 17:34:26.795,0.93843,0.93866,1.00,1.00
2017.03.28 17:34:28.164,0.93843,0.93867,1.00,1.00
2017.03.28 17:34:29.168,0.93842,0.93867,1.00,1.00
2017.03.28 17:34:29.774,0.93842,0.93866,1.00,1.00
2017.03.28 17:34:30.336,0.93841,0.93865,1.00,1.00
2017.03.28 17:34:31.239,0.93839,0.93865,1.00,1.00
2017.03.28 17:34:31.777,0.9384,0.93866,1.00,1.00
2017.03.28 17:34:31.997,0.93839,0.93864,1.00,1.00
2017.03.28 17:34:32.578,0.93837,0.93864,1.00,1.00
2017.03.28 17:34:33.128,0.93838,0.93863,1.00,1.00
2017.03.28 17:34:33.279,0.93834,0.93861,1.00,1.00
2017.03.28 17:34:33.576,0.93836,0.93861,1.00,1.00
2017.03.28 17:34:34.242,0.93834,0.93862,1.00,1.00
2017.03.28 17:34:36.250,0.93835,0.93861,1.00,1.00
2017.03.28 17:34:43.695,0.93837,0.93861,1.00,1.00
2017.03.28 17:34:45.181,0.93838,0.93861,1.00,1.00
2017.03.28 17:34:45.811,0.93837,0.93861,1.00,1.00
2017.03.28 17:34:46.113,0.93834,0.93858,1.00,1.00
2017.03.28 17:34:46.417,0.93836,0.93859,1.00,1.00
2017.03.28 17:34:47.437,0.93836,0.9386,1.00,1.00
2017.03.28 17:34:48.023,0.93837,0.9386,1.00,1.00
2017.03.28 17:34:52.136,0.93837,0.93863,1.00,1.00
2017.03.28 17:34:52.237,0.9384,0.93865,1.00,1.00
2017.03.28 17:34:52.539,0.93843,0.93866,1.00,1.00
2017.03.28 17:34:52.692,0.93838,0.93864,1.00,1.00
2017.03.28 17:34:52.742,0.93836,0.93859,1.00,1.00
2017.03.28 17:34:53.706,0.93836,0.9386,1.00,1.00
2017.03.28 17:34:53.911,0.93834,0.9386,1.00,1.00
2017.03.28 17:34:54.661,0.93836,0.9386,1.00,1.00
2017.03.28 17:34:54.913,0.93838,0.93863,1.00,1.00
2017.03.28 17:34:55.298,0.93836,0.93863,1.00,1.00
2017.03.28 17:34:55.399,0.93834,0.93862,1.00,1.00
2017.03.28 17:34:55.500,0.93832,0.93859,1.00,1.00
2017.03.28 17:34:56.614,0.93832,0.93858,1.00,1.00
2017.03.28 17:34:58.224,0.93832,0.93857,1.00,1.00
2017.03.28 17:34:58.726,0.93833,0.93858,1.00,1.00
2017.03.28 17:35:00.877,0.93833,0.93857,1.00,1.00
2017.03.28 17:35:02.000,0.93834,0.93857,1.00,1.00
2017.03.28 17:35:04.496,0.93833,0.93859,1.00,1.00
2017.03.28 17:35:04.588,0.93833,0.93857,1.00,1.00
2017.03.28 17:35:05.498,0.93833,0.93859,1.00,1.00
2017.03.28 17:35:13.252,0.93834,0.93857,1.00,1.00
2017.03.28 17:35:15.899,0.93833,0.93857,1.00,1.00
2017.03.28 17:35:21.425,0.93828,0.93851,1.00,1.00
2017.03.28 17:35:21.703,0.93824,0.93849,1.00,1.00
2017.03.28 17:35:22.241,0.93824,0.93848,1.00,1.00
2017.03.28 17:35:22.469,0.93821,0.93844,1.00,1.00
2017.03.28 17:35:22.520,0.93819,0.93844,1.00,1.00
2017.03.28 17:35:22.575,0.93821,0.93847,1.00,1.00
2017.03.28 17:35:22.727,0.93821,0.93844,1.00,1.00
2017.03.28 17:35:22.828,0.93822,0.93847,1.00,1.00
2017.03.28 17:35:23.650,0.93821,0.93846,1.00,1.00
2017.03.28 17:35:25.674,0.93823,0.93848,1.00,1.00
2017.03.28 17:35:26.311,0.93824,0.93849,1.00,1.00
2017.03.28 17:35:27.158,0.93824,0.93848,1.00,1.00
2017.03.28 17:35:28.783,0.93825,0.93849,1.00,1.00
2017.03.28 17:35:30.738,0.93826,0.9385,1.00,1.00
2017.03.28 17:35:32.561,0.93826,0.93849,1.00,1.00
2017.03.28 17:35:33.611,0.93828,0.93851,1.00,1.00
2017.03.28 17:35:33.813,0.93828,0.93854,1.00,1.00
2017.03.28 17:35:36.490,0.9383,0.93853,1.00,1.00
2017.03.28 17:35:36.627,0.93831,0.93855,1.00,1.00
2017.03.28 17:35:37.330,0.93832,0.93857,1.00,1.00
2017.03.28 17:35:38.321,0.93832,0.93858,1.00,1.00
2017.03.28 17:35:39.460,0.93832,0.93855,1.00,1.00
2017.03.28 17:35:39.511,0.93833,0.93857,1.00,1.00
2017.03.28 17:35:39.561,0.93835,0.93858,1.00,1.00
2017.03.28 17:35:40.110,0.93837,0.93862,1.00,1.00
2017.03.28 17:35:43.813,0.93836,0.93862,1.00,1.00
2017.03.28 17:35:47.090,0.93838,0.93861,1.00,1.00
2017.03.28 17:35:47.591,0.93838,0.93863,1.00,1.00
2017.03.28 17:35:48.864,0.93839,0.93863,1.00,1.00
2017.03.28 17:35:55.746,0.93838,0.93862,1.00,1.00
2017.03.28 17:35:55.897,0.9384,0.93863,1.00,1.00
2017.03.28 17:35:58.342,0.9384,0.93864,1.00,1.00
2017.03.28 17:35:59.344,0.93841,0.93864,1.00,1.00
2017.03.28 17:36:00.562,0.93841,0.93865,1.00,1.00
2017.03.28 17:36:02.121,0.9384,0.93865,1.00,1.00
2017.03.28 17:36:04.806,0.93839,0.93863,1.00,1.00
2017.03.28 17:36:05.349,0.93839,0.93864,1.00,1.00
2017.03.28 17:36:08.360,0.93838,0.93863,1.00,1.00
2017.03.28 17:36:08.461,0.93836,0.93862,1.00,1.00
2017.03.28 17:36:08.663,0.93836,0.93859,1.00,1.00
2017.03.28 17:36:09.404,0.93837,0.93861,1.00,1.00
2017.03.28 17:36:11.535,0.93837,0.9386,1.00,1.00
2017.03.28 17:36:13.126,0.93831,0.93854,1.00,1.00
2017.03.28 17:36:13.306,0.93828,0.93854,1.00,1.00
2017.03.28 17:36:13.394,0.9383,0.93855,1.00,1.00
2017.03.28 17:36:14.099,0.93831,0.93855,1.00,1.00
2017.03.28 17:36:14.374,0.93831,0.93857,1.00,1.00
2017.03.28 17:36:15.142,0.93831,0.93854,1.00,1.00
2017.03.28 17:36:15.714,0.9383,0.93853,1.00,1.00
2017.03.28 17:36:16.536,0.93828,0.93853,1.00,1.00
2017.03.28 17:36:16.637,0.9383,0.93855,1.00,1.00
2017.03.28 17:36:17.175,0.93831,0.93856,1.00,1.00
2017.03.28 17:36:17.647,0.9383,0.93853,1.00,1.00
2017.03.28 17:36:18.120,0.93828,0.93854,1.00,1.00
2017.03.28 17:36:18.463,0.93828,0.93852,1.00,1.00
2017.03.28 17:36:18.968,0.93827,0.93851,1.00,1.00
2017.03.28 17:36:19.271,0.93825,0.93849,1.00,1.00
2017.03.28 17:36:19.523,0.93828,0.93854,1.00,1.00
2017.03.28 17:36:19.897,0.93828,0.93852,1.00,1.00
2017.03.28 17:36:20.560,0.93829,0.93853,1.00,1.00
2017.03.28 17:36:20.880,0.93829,0.93855,1.00,1.50
2017.03.28 17:36:21.232,0.93828,0.93852,1.00,1.00
2017.03.28 17:36:21.434,0.93826,0.93851,1.00,1.00
2017.03.28 17:36:21.722,0.93818,0.93845,1.00,1.00
2017.03.28 17:36:21.772,0.9382,0.93844,1.00,1.00
2017.03.28 17:36:22.074,0.93824,0.93848,1.00,1.00
2017.03.28 17:36:22.136,0.93824,0.93851,1.00,1.00
2017.03.28 17:36:22.326,0.93825,0.93849,1.00,1.00
2017.03.28 17:36:22.431,0.93826,0.93854,1.00,1.00
2017.03.28 17:36:22.800,0.93827,0.93856,1.00,1.00
2017.03.28 17:36:22.951,0.93828,0.93858,1.00,1.00
2017.03.28 17:36:23.526,0.93824,0.93854,1.35,1.00
2017.03.28 17:36:23.904,0.93826,0.93855,1.00,1.00
2017.03.28 17:36:24.022,0.93827,0.93857,1.00,1.50
2017.03.28 17:36:24.123,0.93831,0.93857,1.00,1.00
2017.03.28 17:36:24.290,0.93831,0.93859,1.00,1.00
2017.03.28 17:36:24.341,0.93833,0.9386,1.00,1.00
2017.03.28 17:36:24.781,0.9383,0.9386,1.35,1.00
2017.03.28 17:36:27.254,0.93833,0.9386,1.00,1.00
2017.03.28 17:36:27.405,0.93831,0.93859,1.00,1.00
2017.03.28 17:36:27.715,0.93832,0.93862,1.00,1.50
2017.03.28 17:36:27.991,0.93831,0.9386,1.00,1.00
2017.03.28 17:36:28.512,0.9383,0.93859,1.00,1.00
2017.03.28 17:36:28.933,0.93833,0.9386,1.00,1.00
2017.03.28 17:36:29.206,0.93833,0.93862,1.00,1.00
2017.03.28 17:36:29.824,0.93834,0.93862,1.00,1.00
2017.03.28 17:36:31.094,0.93832,0.93861,1.00,1.00
2017.03.28 17:36:32.481,0.93835,0.93859,1.00,1.00
2017.03.28 17:36:35.348,0.93836,0.93861,1.00,1.00
2017.03.28 17:36:37.870,0.93834,0.93858,1.00,1.00
2017.03.28 17:36:38.122,0.93839,0.93864,1.00,1.00
2017.03.28 17:36:38.879,0.93838,0.93862,1.00,1.00
2017.03.28 17:36:41.993,0.93839,0.93863,1.00,1.00
2017.03.28 17:36:42.906,0.93837,0.93863,1.00,1.00
2017.03.28 17:36:42.956,0.93837,0.9386,1.00,1.00
2017.03.28 17:36:43.242,0.93834,0.93858,1.00,1.00
2017.03.28 17:36:44.042,0.93834,0.93859,1.00,1.00
2017.03.28 17:36:44.584,0.93834,0.93857,1.00,1.00
2017.03.28 17:36:45.539,0.93834,0.93858,1.00,1.00
2017.03.28 17:36:50.751,0.93834,0.93859,1.00,1.00
2017.03.28 17:36:51.288,0.93837,0.9386,1.00,1.00
2017.03.28 17:36:51.944,0.93836,0.93862,1.00,1.00
2017.03.28 17:36:52.575,0.93835,0.93861,1.00,1.00
2017.03.28 17:36:52.974,0.93834,0.93859,1.00,1.00
2017.03.28 17:36:54.491,0.93833,0.93859,1.00,1.00
2017.03.28 17:36:54.822,0.93837,0.93861,1.00,1.00
2017.03.28 17:36:55.671,0.93837,0.93862,1.00,1.00
2017.03.28 17:36:55.801,0.93841,0.93867,1.00,1.00
2017.03.28 17:36:56.257,0.93835,0.93859,1.00,1.00
2017.03.28 17:36:56.308,0.93833,0.93858,1.50,1.00
2017.03.28 17:36:58.350,0.93834,0.93858,1.00,1.00
2017.03.28 17:36:58.502,0.93832,0.93858,1.00,1.00
2017.03.28 17:36:58.552,0.93831,0.93856,1.00,1.00
2017.03.28 17:36:58.854,0.93834,0.93859,1.00,1.00
2017.03.28 17:36:59.542,0.93835,0.9386,1.00,1.00
2017.03.28 17:36:59.853,0.93833,0.93856,1.00,1.00
2017.03.28 17:37:00.325,0.93834,0.93858,1.00,1.00
2017.03.28 17:37:00.477,0.93836,0.93859,1.00,1.00
2017.03.28 17:37:00.577,0.93837,0.93861,1.00,1.00
2017.03.28 17:37:00.628,0.93835,0.93859,1.00,1.00
2017.03.28 17:37:00.977,0.93836,0.93862,1.00,1.00
2017.03.28 17:37:01.417,0.93839,0.93862,1.00,1.00
2017.03.28 17:37:02.347,0.93837,0.93861,1.00,1.00
2017.03.28 17:37:03.525,0.93839,0.93863,1.00,1.00
2017.03.28 17:37:05.359,0.93836,0.93862,1.00,1.00
2017.03.28 17:37:07.358,0.93837,0.93863,1.00,1.00
2017.03.28 17:37:07.459,0.93839,0.93863,1.00,1.00
2017.03.28 17:37:09.241,0.9384,0.93864,1.00,1.00
2017.03.28 17:37:09.392,0.93841,0.93867,1.00,1.00
2017.03.28 17:37:10.385,0.93843,0.93866,1.00,1.00
2017.03.28 17:37:11.694,0.93842,0.93865,1.00,1.00
2017.03.28 17:37:12.228,0.93842,0.93866,1.00,1.00
2017.03.28 17:37:12.856,0.93843,0.93867,1.00,1.00
2017.03.28 17:37:13.014,0.93843,0.93869,1.00,1.00
2017.03.28 17:37:13.065,0.93846,0.9387,1.00,1.00
2017.03.28 17:37:13.419,0.93843,0.93869,1.00,1.00
2017.03.28 17:37:13.746,0.93846,0.93871,1.00,1.00
2017.03.28 17:37:14.051,0.93848,0.93873,1.00,1.00
2017.03.28 17:37:14.420,0.9385,0.93875,1.00,1.00
2017.03.28 17:37:16.895,0.93849,0.93875,1.00,1.00
2017.03.28 17:37:16.995,0.9385,0.93877,1.00,1.00
2017.03.28 17:37:17.982,0.93851,0.93877,1.00,1.00
2017.03.28 17:37:18.490,0.9385,0.93876,1.00,1.00
2017.03.28 17:37:22.896,0.93851,0.93877,1.00,1.00
2017.03.28 17:37:22.947,0.93853,0.93877,1.00,1.00
2017.03.28 17:37:22.998,0.93853,0.93879,1.00,1.00
2017.03.28 17:37:23.048,0.93856,0.9388,1.00,1.00
2017.03.28 17:37:23.149,0.93855,0.93883,1.00,1.00
2017.03.28 17:37:23.905,0.93856,0.93882,1.00,1.00
2017.03.28 17:37:24.449,0.93856,0.9388,1.00,1.00
2017.03.28 17:37:26.359,0.93851,0.93877,1.50,1.00
2017.03.28 17:37:26.410,0.93855,0.93882,1.00,1.00
2017.03.28 17:37:26.511,0.93851,0.93877,1.50,1.00
2017.03.28 17:37:26.813,0.93849,0.93875,1.35,1.00
2017.03.28 17:37:27.708,0.93851,0.93877,1.00,1.00
2017.03.28 17:37:28.661,0.93851,0.93876,1.00,1.00
2017.03.28 17:37:29.316,0.9385,0.93876,1.00,1.00
2017.03.28 17:37:33.756,0.9385,0.93875,1.00,1.00
2017.03.28 17:37:34.058,0.93847,0.9387,1.00,1.00
2017.03.28 17:37:34.277,0.93844,0.93868,1.00,1.00
2017.03.28 17:37:34.328,0.93846,0.93872,1.00,1.00
2017.03.28 17:37:34.429,0.93848,0.93874,1.00,1.00
2017.03.28 17:37:34.731,0.93847,0.93872,1.00,1.00
2017.03.28 17:37:35.337,0.93845,0.93872,1.00,1.00
2017.03.28 17:37:36.607,0.93847,0.93873,1.00,1.00
2017.03.28 17:37:36.708,0.93848,0.93875,1.00,1.00
2017.03.28 17:37:36.909,0.9385,0.93875,1.00,1.00
2017.03.28 17:37:36.960,0.93848,0.93874,1.00,1.00
2017.03.28 17:37:37.764,0.93847,0.93873,1.00,1.00
2017.03.28 17:37:38.810,0.93847,0.93871,1.00,1.00
2017.03.28 17:37:44.054,0.93846,0.93871,1.00,1.50
2017.03.28 17:37:45.547,0.93844,0.93868,1.00,1.50
2017.03.28 17:37:45.597,0.93842,0.93868,1.00,1.50
2017.03.28 17:37:45.895,0.93837,0.93861,1.00,1.00
2017.03.28 17:37:46.821,0.93838,0.93861,1.00,1.00
2017.03.28 17:37:46.921,0.93836,0.93862,1.00,1.50
2017.03.28 17:37:50.137,0.93838,0.93862,1.00,1.50
2017.03.28 17:37:51.642,0.93839,0.93862,1.00,1.00
2017.03.28 17:37:55.379,0.93838,0.93861,1.00,1.00
2017.03.28 17:37:58.627,0.93837,0.93861,1.00,1.00
2017.03.28 17:38:00.462,0.93834,0.9386,1.00,1.00
2017.03.28 17:38:00.731,0.93837,0.9386,1.00,1.50
2017.03.28 17:38:00.882,0.93837,0.93863,1.00,1.00
2017.03.28 17:38:01.244,0.93839,0.93863,1.00,1.00
2017.03.28 17:38:02.360,0.9384,0.93864,1.00,1.50
2017.03.28 17:38:03.364,0.93839,0.93863,1.00,1.00
2017.03.28 17:38:03.750,0.93841,0.93865,1.00,1.00
2017.03.28 17:38:07.938,0.93841,0.93867,1.00,1.00
2017.03.28 17:38:08.449,0.93839,0.93866,1.00,1.00
2017.03.28 17:38:08.500,0.93841,0.93865,1.00,1.00
2017.03.28 17:38:09.026,0.93842,0.93866,1.00,1.00
2017.03.28 17:38:09.531,0.93843,0.93867,1.00,1.00
2017.03.28 17:38:10.115,0.93844,0.93868,1.00,1.00
2017.03.28 17:38:10.820,0.93843,0.93868,1.00,1.00
2017.03.28 17:38:11.325,0.93843,0.93869,1.00,1.00
2017.03.28 17:38:11.718,0.93838,0.93862,1.00,1.00
2017.03.28 17:38:12.327,0.93837,0.93861,1.00,1.00
2017.03.28 17:38:12.428,0.93835,0.93861,1.00,1.00
2017.03.28 17:38:12.529,0.93837,0.93861,1.00,1.00
2017.03.28 17:38:12.947,0.93835,0.93859,1.00,1.00
2017.03.28 17:38:13.304,0.93837,0.93861,1.00,1.00
2017.03.28 17:38:14.281,0.93836,0.9386,1.00,1.00
2017.03.28 17:38:14.577,0.93836,0.93862,1.00,1.00
2017.03.28 17:38:15.465,0.93838,0.93864,1.00,1.00
2017.03.28 17:38:16.267,0.93839,0.93865,1.00,1.00
2017.03.28 17:38:16.626,0.93836,0.93862,1.00,1.00
2017.03.28 17:38:17.017,0.93838,0.93863,1.00,1.00
2017.03.28 17:38:17.892,0.93838,0.93862,1.00,1.00
2017.03.28 17:38:18.823,0.93836,0.93862,1.00,1.00
2017.03.28 17:38:19.329,0.93835,0.93861,1.00,1.00
2017.03.28 17:38:20.065,0.93836,0.93862,1.00,1.00
2017.03.28 17:38:22.667,0.93837,0.93862,1.00,1.00
2017.03.28 17:38:23.176,0.93838,0.93863,1.00,1.00
2017.03.28 17:38:23.810,0.93839,0.93863,1.00,1.00
2017.03.28 17:38:23.861,0.93837,0.93861,1.00,1.00
2017.03.28 17:38:23.911,0.93834,0.9386,1.00,1.00
2017.03.28 17:38:24.669,0.93835,0.93861,1.00,1.00
2017.03.28 17:38:27.447,0.93835,0.9386,1.00,1.00
2017.03.28 17:38:28.129,0.93834,0.9386,1.00,1.00
2017.03.28 17:38:28.502,0.93836,0.9386,1.00,1.00
2017.03.28 17:38:29.406,0.93836,0.93862,1.00,1.50
2017.03.28 17:38:30.407,0.93838,0.93864,1.00,1.00
2017.03.28 17:38:32.819,0.93836,0.93862,1.00,1.00
2017.03.28 17:38:35.414,0.93837,0.93863,1.00,1.00
2017.03.28 17:38:41.962,0.93835,0.93861,1.00,1.00
2017.03.28 17:38:42.468,0.93837,0.93863,1.00,1.00
2017.03.28 17:38:43.612,0.93839,0.93863,1.00,1.00
2017.03.28 17:38:44.408,0.9384,0.93864,1.00,1.00
2017.03.28 17:38:44.724,0.93837,0.93861,1.00,1.00
2017.03.28 17:38:44.983,0.93834,0.9386,1.00,1.00
2017.03.28 17:38:45.488,0.93833,0.93857,1.00,1.00
2017.03.28 17:38:47.237,0.93835,0.93859,1.00,1.00
2017.03.28 17:38:47.592,0.93832,0.93858,1.00,1.00
2017.03.28 17:38:49.615,0.93834,0.9386,1.00,1.00
2017.03.28 17:38:56.053,0.93835,0.9386,1.00,1.00
2017.03.28 17:38:56.533,0.93837,0.9386,1.00,1.00
2017.03.28 17:38:56.684,0.9384,0.93866,1.00,1.50
2017.03.28 17:38:57.537,0.9384,0.93864,1.00,1.00
2017.03.28 17:38:59.203,0.93839,0.93863,1.00,1.00
2017.03.28 17:39:02.095,0.9384,0.93864,1.00,1.00
2017.03.28 17:39:02.759,0.93839,0.93863,1.00,1.00
2017.03.28 17:39:03.537,0.93839,0.93865,1.00,1.00
2017.03.28 17:39:03.638,0.93842,0.93866,1.00,1.00
2017.03.28 17:39:03.940,0.93844,0.93868,1.00,1.00
2017.03.28 17:39:05.431,0.93843,0.93867,1.00,1.00
2017.03.28 17:39:05.764,0.93838,0.93862,1.00,1.00
2017.03.28 17:39:06.089,0.93836,0.9386,1.00,1.50
2017.03.28 17:39:06.914,0.93835,0.93859,1.00,1.00
2017.03.28 17:39:06.965,0.93833,0.93858,1.00,1.00
2017.03.28 17:39:07.015,0.93832,0.93856,1.00,1.00
2017.03.28 17:39:07.558,0.93831,0.93855,1.00,1.00
2017.03.28 17:39:07.659,0.93834,0.9386,1.00,1.50
2017.03.28 17:39:07.982,0.93836,0.9386,1.00,1.50
2017.03.28 17:39:08.316,0.93834,0.93858,1.00,1.00
2017.03.28 17:39:08.635,0.93834,0.9386,1.00,1.50
2017.03.28 17:39:08.886,0.93834,0.93858,1.00,1.00
2017.03.28 17:39:09.206,0.93832,0.93858,1.00,1.00
2017.03.28 17:39:09.414,0.93835,0.93861,1.00,1.00
2017.03.28 17:39:10.266,0.93836,0.93862,1.00,1.00
2017.03.28 17:39:10.578,0.93834,0.9386,1.00,1.50
2017.03.28 17:39:11.153,0.93835,0.9386,1.00,1.00
2017.03.28 17:39:11.791,0.93834,0.9386,1.00,1.00
2017.03.28 17:39:11.930,0.93836,0.93863,1.00,1.00
2017.03.28 17:39:12.762,0.93835,0.93863,1.00,1.50
2017.03.28 17:39:13.773,0.93836,0.9386,1.00,1.00
2017.03.28 17:39:14.788,0.93836,0.93862,1.00,1.00
2017.03.28 17:39:20.352,0.93836,0.9386,1.00,1.00
2017.03.28 17:39:20.403,0.93833,0.93859,1.00,1.00
2017.03.28 17:39:20.928,0.93834,0.93858,1.00,1.00
2017.03.28 17:39:21.482,0.93835,0.93859,1.00,1.00
2017.03.28 17:39:22.117,0.93834,0.93858,1.00,1.00
2017.03.28 17:39:22.231,0.93829,0.93856,1.00,1.00
2017.03.28 17:39:22.282,0.9383,0.93854,1.00,1.00
2017.03.28 17:39:23.088,0.93831,0.93855,1.00,1.00
2017.03.28 17:39:23.610,0.93831,0.93856,1.00,1.00
2017.03.28 17:39:24.761,0.93832,0.93856,1.00,1.00
2017.03.28 17:39:25.064,0.93829,0.93853,1.00,1.00
2017.03.28 17:39:25.366,0.9383,0.93856,1.00,1.50
2017.03.28 17:39:25.902,0.93829,0.93855,1.00,1.00
2017.03.28 17:39:26.205,0.93832,0.93856,1.00,1.00
2017.03.28 17:39:26.520,0.93829,0.93855,1.00,1.00
2017.03.28 17:39:26.968,0.93831,0.93855,1.00,1.00
2017.03.28 17:39:27.311,0.93825,0.93851,1.00,1.00
2017.03.28 17:39:27.462,0.93824,0.93848,1.00,1.00
2017.03.28 17:39:27.683,0.93822,0.93848,1.00,1.00
2017.03.28 17:39:29.255,0.93822,0.93846,1.00,1.00
2017.03.28 17:39:29.858,0.93823,0.93849,1.00,1.00
2017.03.28 17:39:32.466,0.93827,0.93851,1.00,1.00
2017.03.28 17:39:32.567,0.93828,0.93853,1.00,1.00
2017.03.28 17:39:32.617,0.9383,0.93853,1.00,1.00
2017.03.28 17:39:32.668,0.9383,0.93856,1.00,1.00
2017.03.28 17:39:33.070,0.93829,0.93853,1.00,1.00
2017.03.28 17:39:33.121,0.93829,0.93855,1.00,1.00
2017.03.28 17:39:33.222,0.93832,0.93854,1.00,1.00
2017.03.28 17:39:33.330,0.93832,0.93856,1.00,1.00
2017.03.28 17:39:33.931,0.93834,0.93858,1.00,1.00
2017.03.28 17:39:35.191,0.93832,0.93856,1.00,1.00
2017.03.28 17:39:35.392,0.93824,0.93854,1.00,1.00
2017.03.28 17:39:35.493,0.93827,0.93854,1.00,1.00
2017.03.28 17:39:35.795,0.93829,0.93854,1.00,1.00
2017.03.28 17:39:35.846,0.93829,0.93857,1.00,1.00
2017.03.28 17:39:36.285,0.93829,0.93859,1.00,1.00
2017.03.28 17:39:36.722,0.93831,0.93859,1.00,1.00
2017.03.28 17:39:37.978,0.93832,0.93856,1.00,1.00
2017.03.28 17:39:38.680,0.93833,0.93857,1.00,1.00
2017.03.28 17:39:38.731,0.93829,0.93857,1.35,1.00
2017.03.28 17:39:39.606,0.9383,0.93856,1.00,1.00
2017.03.28 17:39:39.702,0.93832,0.93858,1.00,1.00
2017.03.28 17:39:40.091,0.93832,0.93856,1.00,1.00
2017.03.28 17:39:40.190,0.93833,0.93859,1.00,1.00
2017.03.28 17:39:40.725,0.93834,0.9386,1.00,1.00
2017.03.28 17:39:42.312,0.93832,0.93859,1.00,1.00
2017.03.28 17:39:42.362,0.93831,0.93855,1.00,1.00
2017.03.28 17:39:43.665,0.93833,0.93856,1.00,1.00
2017.03.28 17:39:43.766,0.93827,0.93853,1.00,1.00
2017.03.28 17:39:44.677,0.93829,0.93855,1.00,1.00
2017.03.28 17:39:45.014,0.93831,0.93855,1.00,1.00
2017.03.28 17:39:47.739,0.9383,0.93854,1.00,1.00
2017.03.28 17:39:48.389,0.93828,0.93854,1.00,1.00
2017.03.28 17:39:51.491,0.93828,0.93852,1.00,1.00
2017.03.28 17:39:52.563,0.93826,0.9385,1.00,1.00
2017.03.28 17:39:54.179,0.93825,0.93849,1.00,1.00
2017.03.28 17:39:54.694,0.93826,0.9385,1.00,1.00
2017.03.28 17:39:55.600,0.93827,0.93851,1.00,1.00
2017.03.28 17:39:55.701,0.93827,0.93853,1.00,1.00
2017.03.28 17:39:56.449,0.93826,0.93852,1.00,1.00
2017.03.28 17:39:56.954,0.93827,0.93852,1.00,1.00
2017.03.28 17:39:57.004,0.93829,0.93853,1.00,1.00
2017.03.28 17:39:57.236,0.93823,0.93849,1.00,1.00
2017.03.28 17:39:57.604,0.93821,0.93846,1.00,1.00
2017.03.28 17:39:57.654,0.93818,0.93844,1.00,1.00
2017.03.28 17:39:57.755,0.9382,0.93846,1.00,1.00
2017.03.28 17:39:58.436,0.93821,0.93849,1.00,1.00
2017.03.28 17:39:58.557,0.93821,0.93846,1.00,1.00
2017.03.28 17:39:59.513,0.9382,0.93848,1.00,1.00
2017.03.28 17:40:00.529,0.93822,0.93847,1.00,1.00
2017.03.28 17:40:01.039,0.93823,0.93848,1.00,1.00
2017.03.28 17:40:02.602,0.93821,0.93849,1.00,1.50
2017.03.28 17:40:04.354,0.93823,0.93849,1.00,1.00
2017.03.28 17:40:04.530,0.93824,0.93852,1.00,1.00
2017.03.28 17:40:04.790,0.93828,0.93853,1.00,1.00
2017.03.28 17:40:05.314,0.93829,0.93857,1.00,1.00
2017.03.28 17:40:05.414,0.93831,0.93858,1.00,1.00
2017.03.28 17:40:06.215,0.93831,0.93857,1.00,1.00
2017.03.28 17:40:07.446,0.93834,0.93858,1.00,1.00
2017.03.28 17:40:08.262,0.93834,0.9386,1.00,1.00
2017.03.28 17:40:11.764,0.93834,0.93858,1.00,1.00
2017.03.28 17:40:11.915,0.9383,0.93856,1.00,1.00
2017.03.28 17:40:12.952,0.93831,0.93857,1.00,1.00
2017.03.28 17:40:13.889,0.93831,0.93855,1.00,1.00
2017.03.28 17:40:14.225,0.93833,0.93856,1.00,1.00
2017.03.28 17:40:14.667,0.9383,0.93856,1.00,1.00
2017.03.28 17:40:14.944,0.93829,0.93853,1.00,1.00
2017.03.28 17:40:15.605,0.93829,0.93852,1.00,1.00
2017.03.28 17:40:17.631,0.93829,0.93853,1.00,1.00
2017.03.28 17:40:18.179,0.93829,0.93855,1.00,1.00
2017.03.28 17:40:18.914,0.93832,0.93855,1.00,1.00
2017.03.28 17:40:19.065,0.9383,0.93855,1.00,1.00
2017.03.28 17:40:19.166,0.93825,0.93849,1.00,1.00
2017.03.28 17:40:19.715,0.93821,0.93851,1.00,1.50
2017.03.28 17:40:19.817,0.93824,0.93851,1.00,1.00
2017.03.28 17:40:20.119,0.93826,0.93853,1.00,1.00
2017.03.28 17:40:20.513,0.93824,0.93852,1.00,1.00
2017.03.28 17:40:21.030,0.93825,0.93851,1.00,1.00
2017.03.28 17:40:23.650,0.93827,0.93851,1.00,1.00
2017.03.28 17:40:23.853,0.93825,0.93851,1.00,1.00
2017.03.28 17:40:24.317,0.93828,0.93851,1.00,1.00
2017.03.28 17:40:28.657,0.93829,0.93853,1.00,1.00
2017.03.28 17:40:34.483,0.9383,0.93854,1.00,1.00
2017.03.28 17:40:35.029,0.93831,0.93855,1.00,1.00
2017.03.28 17:40:35.250,0.93833,0.93857,1.00,1.00
2017.03.28 17:40:35.301,0.93834,0.93859,1.00,1.00
2017.03.28 17:40:35.452,0.93836,0.9386,1.00,1.00
2017.03.28 17:40:35.975,0.93838,0.93862,1.00,1.00
2017.03.28 17:40:36.369,0.93836,0.93862,1.00,1.00
2017.03.28 17:40:36.419,0.93838,0.93862,1.00,1.00
2017.03.28 17:40:37.385,0.93839,0.93863,1.00,1.00
2017.03.28 17:40:37.937,0.93838,0.93864,1.00,1.00
2017.03.28 17:40:38.484,0.93842,0.93865,1.00,1.00
2017.03.28 17:40:38.535,0.93839,0.93865,1.00,1.00
2017.03.28 17:40:38.686,0.93842,0.93866,1.00,1.00
2017.03.28 17:40:38.888,0.93838,0.93863,1.00,1.00
2017.03.28 17:40:39.298,0.93842,0.93866,1.00,1.00
2017.03.28 17:40:39.348,0.93843,0.93869,1.00,1.00
2017.03.28 17:40:40.047,0.93843,0.93868,1.00,1.00
2017.03.28 17:40:40.252,0.93841,0.93867,1.00,1.00
2017.03.28 17:40:40.504,0.9384,0.93865,1.00,1.00
2017.03.28 17:40:41.043,0.93839,0.93864,1.00,1.00
2017.03.28 17:40:41.868,0.93838,0.93866,1.00,1.00
2017.03.28 17:40:42.323,0.93839,0.93864,1.00,1.00
2017.03.28 17:40:43.317,0.93839,0.93865,1.00,1.00
2017.03.28 17:40:44.415,0.93839,0.93863,1.00,1.00
2017.03.28 17:40:46.739,0.9384,0.93864,1.00,1.00
2017.03.28 17:40:47.563,0.93838,0.93864,1.00,1.00
2017.03.28 17:40:49.863,0.9384,0.93864,1.00,1.00
2017.03.28 17:40:50.413,0.93839,0.93863,1.00,1.00
2017.03.28 17:40:50.820,0.93837,0.93863,1.00,1.00
2017.03.28 17:40:51.644,0.93836,0.93862,1.00,1.00
2017.03.28 17:40:52.127,0.93835,0.93858,1.00,1.00
2017.03.28 17:40:52.493,0.93834,0.9386,1.00,1.00
2017.03.28 17:40:53.086,0.93835,0.93861,1.00,1.00
2017.03.28 17:40:53.947,0.93834,0.93858,1.00,1.00
2017.03.28 17:40:54.450,0.93835,0.93859,1.00,1.00
2017.03.28 17:40:54.615,0.93836,0.93861,1.00,1.00
2017.03.28 17:40:54.740,0.93834,0.9386,1.00,1.00
2017.03.28 17:40:55.290,0.93835,0.93861,1.00,1.00
2017.03.28 17:40:55.794,0.93836,0.93862,1.00,1.00
2017.03.28 17:40:57.782,0.93839,0.93866,1.00,1.00
2017.03.28 17:40:58.765,0.93841,0.93864,1.00,1.50
2017.03.28 17:40:58.816,0.93837,0.93863,1.00,1.00
2017.03.28 17:40:59.011,0.93837,0.93861,1.00,1.00
2017.03.28 17:40:59.063,0.93835,0.93863,1.00,1.50
2017.03.28 17:40:59.695,0.93836,0.93862,1.00,1.00
2017.03.28 17:41:00.091,0.93839,0.93865,1.00,1.00
2017.03.28 17:41:03.222,0.9384,0.93866,1.00,1.00
2017.03.28 17:41:04.143,0.93839,0.93863,1.00,1.00
2017.03.28 17:41:05.098,0.93838,0.93862,1.00,1.00
2017.03.28 17:41:05.958,0.93836,0.93862,1.00,1.00
2017.03.28 17:41:06.650,0.93835,0.93861,1.00,1.00
2017.03.28 17:41:06.802,0.93833,0.9386,1.00,1.00
2017.03.28 17:41:07.301,0.93835,0.93859,1.00,1.00
