2017.03.14 04:00:07.581,0.93015,0.9304,1.00,1.00
2017.03.14 04:00:10.740,0.93013,0.93041,1.00,1.00
2017.03.14 04:00:11.773,0.93013,0.9304,1.00,1.00
2017.03.14 04:00:19.885,0.93015,0.9304,1.00,1.00
2017.03.14 04:00:26.078,0.93016,0.9304,1.00,1.00
2017.03.14 04:00:40.800,0.93016,0.93041,1.00,1.00
2017.03.14 04:00:46.379,0.93016,0.9304,1.00,1.00
2017.03.14 04:00:46.880,0.93017,0.93041,1.00,1.00
2017.03.14 04:00:56.331,0.93015,0.93041,1.00,1.00
2017.03.14 04:01:11.666,0.93014,0.93039,1.00,1.00
2017.03.14 04:01:11.767,0.93012,0.93038,1.00,1.50
2017.03.14 04:01:12.276,0.93012,0.93037,1.00,1.00
2017.03.14 04:01:16.439,0.93012,0.93038,1.00,1.50
2017.03.14 04:01:17.411,0.93013,0.93038,1.00,1.00
2017.03.14 04:01:18.090,0.93012,0.93037,1.00,1.00
2017.03.14 04:01:18.991,0.93018,0.9304,1.00,1.00
2017.03.14 04:01:19.041,0.93013,0.93038,1.00,1.00
2017.03.14 04:01:26.391,0.93014,0.93038,1.00,1.50
2017.03.14 04:01:27.531,0.93014,0.93037,1.00,1.00
2017.03.14 04:01:29.045,0.93014,0.93038,1.00,1.50
2017.03.14 04:01:31.970,0.93012,0.93038,1.00,1.00
2017.03.14 04:01:36.067,0.93011,0.93038,1.00,1.50
2017.03.14 04:01:39.868,0.93011,0.93035,1.00,1.00
2017.03.14 04:01:40.396,0.93012,0.93036,1.00,1.00
2017.03.14 04:01:56.469,0.93011,0.93035,1.00,1.00
2017.03.14 04:02:02.030,0.9301,0.93037,1.00,1.50
2017.03.14 04:02:08.613,0.9301,0.93034,1.00,1.00
2017.03.14 04:02:09.584,0.93009,0.93034,1.00,1.00
2017.03.14 04:02:11.481,0.93009,0.93035,1.00,1.00
2017.03.14 04:02:15.426,0.9301,0.93035,1.00,1.00
2017.03.14 04:02:17.060,0.9301,0.93036,1.00,1.00
2017.03.14 04:02:18.061,0.93011,0.93036,1.00,1.00
2017.03.14 04:02:19.206,0.93012,0.93037,1.00,1.50
2017.03.14 04:02:26.511,0.93012,0.93036,1.00,1.00
2017.03.14 04:02:31.589,0.9301,0.93037,1.00,1.50
2017.03.14 04:02:32.592,0.93011,0.93037,1.00,1.50
2017.03.14 04:02:36.949,0.93012,0.93036,1.00,1.00
2017.03.14 04:02:41.541,0.93012,0.93037,1.00,1.00
2017.03.14 04:02:41.913,0.9301,0.93036,1.00,1.00
2017.03.14 04:02:47.120,0.93011,0.93036,1.00,1.00
2017.03.14 04:02:56.070,0.93011,0.93037,1.00,1.50
2017.03.14 04:03:01.417,0.93011,0.93032,1.00,1.00
2017.03.14 04:03:02.016,0.93011,0.93037,1.00,1.00
2017.03.14 04:03:02.938,0.93011,0.93036,1.00,1.00
2017.03.14 04:03:11.100,0.93011,0.93035,1.00,1.00
2017.03.14 04:03:17.180,0.93011,0.93037,1.00,1.00
2017.03.14 04:03:29.037,0.93011,0.93038,1.00,1.50
2017.03.14 04:03:30.264,0.93011,0.93037,1.00,1.00
2017.03.14 04:03:46.739,0.93012,0.93036,1.00,1.00
2017.03.14 04:03:58.051,0.93012,0.93032,1.00,1.00
2017.03.14 04:03:58.282,0.93012,0.93036,1.00,1.00
2017.03.14 04:03:59.378,0.93013,0.93036,1.00,1.00
2017.03.14 04:04:00.047,0.93012,0.93037,1.00,1.00
2017.03.14 04:04:01.769,0.93013,0.93037,1.00,1.00
2017.03.14 04:04:02.270,0.93011,0.93037,1.00,1.00
2017.03.14 04:04:08.778,0.93012,0.93037,1.00,1.00
2017.03.14 04:04:10.953,0.93011,0.93037,1.00,1.50
2017.03.14 04:04:14.813,0.93011,0.93036,1.00,1.00
2017.03.14 04:04:16.516,0.93011,0.93035,1.00,1.00
2017.03.14 04:04:17.516,0.9301,0.93037,1.00,1.50
2017.03.14 04:04:26.751,0.93011,0.93037,1.00,1.50
2017.03.14 04:04:27.633,0.93012,0.93037,1.00,1.00
2017.03.14 04:04:32.330,0.93011,0.93037,1.00,1.50
2017.03.14 04:04:39.586,0.93012,0.93037,1.00,1.00
2017.03.14 04:04:40.296,0.93011,0.93037,1.00,1.00
2017.03.14 04:04:41.280,0.93012,0.93037,1.00,1.00
2017.03.14 04:04:56.310,0.93011,0.93037,1.00,1.00
2017.03.14 04:05:00.634,0.93012,0.93038,1.00,1.00
2017.03.14 04:05:03.527,0.93014,0.93038,1.00,1.50
2017.03.14 04:05:08.164,0.93014,0.93037,1.00,1.00
2017.03.14 04:05:09.194,0.93011,0.93037,1.00,1.50
2017.03.14 04:05:11.338,0.93011,0.93036,1.00,1.00
2017.03.14 04:05:11.839,0.93012,0.93037,1.00,1.50
2017.03.14 04:05:12.063,0.93012,0.93039,1.00,1.00
2017.03.14 04:05:12.113,0.9302,0.93042,1.00,1.00
2017.03.14 04:05:12.214,0.93017,0.93042,1.00,1.00
2017.03.14 04:05:12.265,0.93015,0.93041,1.00,1.00
2017.03.14 04:05:12.315,0.93017,0.93041,1.00,1.00
2017.03.14 04:05:12.366,0.93018,0.93043,1.00,1.50
2017.03.14 04:05:12.417,0.93021,0.93047,1.00,1.00
2017.03.14 04:05:13.186,0.93024,0.93048,1.00,1.50
2017.03.14 04:05:17.418,0.93023,0.93048,1.00,1.00
2017.03.14 04:05:26.368,0.93024,0.93048,1.00,1.50
2017.03.14 04:05:31.314,0.93023,0.93047,1.00,1.00
2017.03.14 04:05:32.448,0.93022,0.93047,1.00,1.00
2017.03.14 04:05:33.995,0.93023,0.93047,1.00,1.00
2017.03.14 04:05:34.695,0.93024,0.93048,1.00,1.00
2017.03.14 04:05:37.122,0.93023,0.93049,1.00,1.00
2017.03.14 04:05:41.399,0.93024,0.93048,1.00,1.00
2017.03.14 04:05:42.418,0.93023,0.93048,1.50,1.00
2017.03.14 04:05:44.392,0.93022,0.93048,1.00,1.50
2017.03.14 04:05:50.473,0.93024,0.93048,1.00,1.50
2017.03.14 04:05:56.428,0.93023,0.9305,1.50,1.00
2017.03.14 04:05:57.430,0.93024,0.9305,1.00,1.00
2017.03.14 04:05:59.515,0.93024,0.93047,1.00,1.00
2017.03.14 04:06:00.023,0.93022,0.93047,1.00,1.00
2017.03.14 04:06:02.175,0.93023,0.93049,1.00,1.00
2017.03.14 04:06:11.177,0.93022,0.93047,1.00,1.00
2017.03.14 04:06:12.213,0.93023,0.93049,1.00,1.00
2017.03.14 04:06:13.016,0.93022,0.93047,1.00,1.00
2017.03.14 04:06:14.015,0.93023,0.93049,1.00,1.00
2017.03.14 04:06:17.538,0.93023,0.93047,1.50,1.00
2017.03.14 04:06:20.762,0.93022,0.93047,1.00,1.00
2017.03.14 04:06:24.851,0.93023,0.93049,1.00,1.00
2017.03.14 04:06:27.333,0.93022,0.93047,1.00,1.00
2017.03.14 04:06:29.915,0.93022,0.93048,1.00,1.00
2017.03.14 04:06:30.535,0.93022,0.93047,1.00,1.00
2017.03.14 04:06:31.214,0.93022,0.93049,1.00,1.00
2017.03.14 04:06:31.516,0.93022,0.93047,1.00,1.00
2017.03.14 04:06:36.526,0.93024,0.93047,1.00,1.00
2017.03.14 04:06:40.857,0.9303,0.93052,1.00,1.50
2017.03.14 04:06:41.008,0.93031,0.93057,1.00,1.00
2017.03.14 04:06:41.059,0.93032,0.93059,1.00,1.00
2017.03.14 04:06:41.160,0.93031,0.93055,1.00,1.00
2017.03.14 04:06:41.684,0.93032,0.93056,1.00,1.00
2017.03.14 04:06:41.815,0.9303,0.93055,1.00,1.00
2017.03.14 04:06:43.555,0.93031,0.93057,1.00,1.50
2017.03.14 04:06:44.143,0.93031,0.93055,1.00,1.00
2017.03.14 04:06:45.130,0.9303,0.93055,1.00,1.00
2017.03.14 04:06:47.598,0.93029,0.93055,1.00,1.00
2017.03.14 04:06:54.681,0.93025,0.93051,1.00,1.00
2017.03.14 04:06:55.558,0.93027,0.93051,1.00,1.00
2017.03.14 04:06:57.049,0.93026,0.93052,1.00,1.00
2017.03.14 04:06:58.822,0.93027,0.93052,1.00,1.00
2017.03.14 04:07:02.628,0.93026,0.93052,1.00,1.50
2017.03.14 04:07:03.425,0.93027,0.93052,1.00,1.00
2017.03.14 04:07:10.713,0.93028,0.93052,1.00,1.00
2017.03.14 04:07:11.578,0.93028,0.93053,1.00,1.00
2017.03.14 04:07:12.375,0.93026,0.93052,1.00,1.00
2017.03.14 04:07:14.154,0.93027,0.93053,1.50,1.00
2017.03.14 04:07:18.714,0.93027,0.93052,1.00,1.00
2017.03.14 04:07:20.782,0.93026,0.93052,1.00,1.50
2017.03.14 04:07:32.710,0.93026,0.9305,1.00,1.00
2017.03.14 04:07:33.234,0.93025,0.93049,1.00,1.00
2017.03.14 04:07:33.918,0.93024,0.93049,1.00,1.00
2017.03.14 04:07:35.713,0.93024,0.93048,1.00,1.00
2017.03.14 04:07:38.415,0.93024,0.93047,1.00,1.00
2017.03.14 04:07:38.764,0.93024,0.93049,1.00,1.00
2017.03.14 04:07:39.865,0.93025,0.93049,1.00,1.00
2017.03.14 04:07:54.756,0.93025,0.93047,1.00,1.00
2017.03.14 04:07:55.484,0.93024,0.93047,1.00,1.00
2017.03.14 04:07:56.669,0.93023,0.93047,1.00,1.00
2017.03.14 04:07:56.719,0.93023,0.93049,1.50,1.00
2017.03.14 04:07:56.782,0.93023,0.93047,1.00,1.00
2017.03.14 04:07:57.671,0.93022,0.93047,1.00,1.00
2017.03.14 04:08:01.673,0.93025,0.93047,1.00,1.00
2017.03.14 04:08:01.983,0.93018,0.93043,1.00,1.00
2017.03.14 04:08:02.033,0.93014,0.93039,1.00,1.00
2017.03.14 04:08:02.184,0.9301,0.93036,1.00,1.00
2017.03.14 04:08:02.235,0.93013,0.93036,1.00,1.00
2017.03.14 04:08:02.968,0.93013,0.93037,1.00,1.00
2017.03.14 04:08:08.915,0.93014,0.93038,1.00,1.00
2017.03.14 04:08:09.515,0.93013,0.93037,1.00,1.50
2017.03.14 04:08:12.262,0.93011,0.93036,1.00,1.00
2017.03.14 04:08:12.777,0.93011,0.93035,1.00,1.00
2017.03.14 04:08:17.778,0.9301,0.93037,1.00,1.50
2017.03.14 04:08:26.220,0.93012,0.93037,1.00,1.00
2017.03.14 04:08:26.747,0.93012,0.93036,1.00,1.00
2017.03.14 04:08:32.807,0.93012,0.93037,1.00,1.00
2017.03.14 04:08:41.758,0.93012,0.93036,1.50,1.00
2017.03.14 04:08:47.336,0.93012,0.93037,1.00,1.00
2017.03.14 04:08:51.315,0.93013,0.93037,1.00,1.00
2017.03.14 04:08:51.674,0.93018,0.93037,1.00,1.00
2017.03.14 04:08:51.874,0.93013,0.93037,1.00,1.00
2017.03.14 04:08:52.111,0.93018,0.93037,1.00,1.00
2017.03.14 04:08:59.727,0.93018,0.93038,1.00,1.00
2017.03.14 04:09:02.367,0.93018,0.9304,1.00,1.00
2017.03.14 04:09:03.536,0.93018,0.93039,1.00,1.00
2017.03.14 04:09:06.714,0.93013,0.93039,1.50,1.00
2017.03.14 04:09:07.182,0.93013,0.93037,1.00,1.00
2017.03.14 04:09:11.818,0.93012,0.93037,1.00,1.00
2017.03.14 04:09:12.319,0.93013,0.93037,1.00,1.50
2017.03.14 04:09:17.898,0.93014,0.93037,1.00,1.00
2017.03.14 04:09:24.230,0.93014,0.93038,1.00,1.00
2017.03.14 04:09:32.427,0.93013,0.93038,1.00,1.00
2017.03.14 04:09:40.685,0.93014,0.93039,1.00,1.00
2017.03.14 04:09:41.526,0.93014,0.9304,1.00,1.00
2017.03.14 04:09:41.878,0.93017,0.93039,1.00,1.00
2017.03.14 04:09:42.685,0.93013,0.93039,1.00,1.00
2017.03.14 04:09:43.274,0.93018,0.93039,1.00,1.00
2017.03.14 04:09:44.514,0.93013,0.93039,1.00,1.00
2017.03.14 04:09:46.783,0.93012,0.93039,1.50,1.00
2017.03.14 04:09:47.958,0.93012,0.93038,1.50,1.00
2017.03.14 04:09:49.157,0.93011,0.93036,1.00,1.00
2017.03.14 04:09:49.207,0.93008,0.93034,1.00,1.00
2017.03.14 04:09:49.258,0.9301,0.93035,1.00,1.00
2017.03.14 04:09:49.640,0.93012,0.93036,1.00,1.00
2017.03.14 04:09:50.295,0.93013,0.93037,1.00,1.00
2017.03.14 04:09:51.073,0.93015,0.93039,1.00,1.00
2017.03.14 04:09:56.709,0.93017,0.93039,1.00,1.00
2017.03.14 04:09:57.909,0.93017,0.9304,1.00,1.00
2017.03.14 04:10:11.373,0.93018,0.9304,1.00,1.00
2017.03.14 04:10:12.817,0.93018,0.93038,1.00,1.00
2017.03.14 04:10:15.131,0.93023,0.93038,1.00,1.00
2017.03.14 04:10:17.519,0.93023,0.93039,1.00,1.00
2017.03.14 04:10:21.133,0.93018,0.93039,1.00,1.00
2017.03.14 04:10:21.395,0.93023,0.93039,1.00,1.00
2017.03.14 04:10:22.116,0.93015,0.93039,1.00,1.00
2017.03.14 04:10:22.395,0.93023,0.93039,1.00,1.00
2017.03.14 04:10:36.400,0.93018,0.93039,1.00,1.00
2017.03.14 04:10:37.471,0.93018,0.9304,1.00,1.00
2017.03.14 04:10:39.133,0.93023,0.9304,1.00,1.00
2017.03.14 04:10:41.243,0.93023,0.93037,1.00,1.00
2017.03.14 04:10:41.294,0.93017,0.93037,1.00,1.00
2017.03.14 04:10:42.501,0.93018,0.93037,1.00,1.00
2017.03.14 04:10:53.816,0.93017,0.93037,1.00,1.00
2017.03.14 04:10:55.238,0.93017,0.93039,1.00,1.00
2017.03.14 04:10:55.849,0.93018,0.93038,1.00,1.00
2017.03.14 04:10:56.376,0.93012,0.93038,1.00,1.00
2017.03.14 04:10:56.427,0.93017,0.93038,1.00,1.00
2017.03.14 04:10:57.316,0.93012,0.93038,1.50,1.00
2017.03.14 04:10:57.522,0.93017,0.93036,1.00,1.00
2017.03.14 04:10:57.777,0.93012,0.93036,1.50,1.00
2017.03.14 04:10:58.482,0.93013,0.93037,1.00,1.00
2017.03.14 04:10:59.485,0.93018,0.93036,1.00,1.00
2017.03.14 04:11:05.119,0.93013,0.93036,1.00,1.00
2017.03.14 04:11:08.796,0.93013,0.93035,1.00,1.00
2017.03.14 04:11:12.060,0.93013,0.93034,1.00,1.00
2017.03.14 04:11:13.061,0.93013,0.93036,1.00,1.00
2017.03.14 04:11:14.062,0.93013,0.93035,1.00,1.00
2017.03.14 04:11:17.639,0.93013,0.93036,1.00,1.00
2017.03.14 04:11:20.338,0.93009,0.93036,1.00,1.00
2017.03.14 04:11:20.596,0.93013,0.93036,1.00,1.00
2017.03.14 04:11:24.403,0.93013,0.93038,1.00,1.00
2017.03.14 04:11:24.516,0.93018,0.93038,1.00,1.00
2017.03.14 04:11:30.641,0.93012,0.93038,1.00,1.00
2017.03.14 04:11:33.170,0.93012,0.93036,1.00,1.00
2017.03.14 04:11:34.073,0.93012,0.93035,1.00,1.00
2017.03.14 04:11:52.816,0.93018,0.93035,1.00,1.00
2017.03.14 04:11:53.660,0.93018,0.93036,1.00,1.00
2017.03.14 04:11:53.710,0.93018,0.93038,1.00,1.00
2017.03.14 04:11:54.859,0.93013,0.93037,1.50,1.00
2017.03.14 04:11:54.910,0.93018,0.93042,1.00,1.00
2017.03.14 04:11:54.961,0.93019,0.93044,1.00,1.00
2017.03.14 04:11:55.011,0.93022,0.93045,1.00,1.00
2017.03.14 04:11:55.316,0.9302,0.93046,1.00,1.00
2017.03.14 04:11:55.901,0.93022,0.93046,1.00,1.00
2017.03.14 04:12:12.681,0.93021,0.93046,1.00,1.00
2017.03.14 04:12:13.434,0.93022,0.93046,1.00,1.00
2017.03.14 04:12:14.683,0.93022,0.93044,1.00,1.00
2017.03.14 04:12:15.400,0.93022,0.93045,1.00,1.00
2017.03.14 04:12:17.775,0.93022,0.93046,1.00,1.00
2017.03.14 04:12:18.897,0.93022,0.93045,1.00,1.00
2017.03.14 04:12:25.655,0.93019,0.93046,1.00,1.00
2017.03.14 04:12:26.431,0.9302,0.93047,1.00,1.50
2017.03.14 04:12:27.433,0.9302,0.93046,1.00,1.00
2017.03.14 04:12:30.409,0.93023,0.93046,1.00,1.00
2017.03.14 04:12:36.866,0.93023,0.93047,1.00,1.00
2017.03.14 04:12:37.406,0.93022,0.93046,1.00,1.00
2017.03.14 04:12:42.317,0.93028,0.93046,1.00,1.00
2017.03.14 04:12:43.302,0.93028,0.93047,1.00,1.00
2017.03.14 04:12:46.566,0.93028,0.93049,1.00,1.00
2017.03.14 04:12:51.495,0.93023,0.93047,1.50,1.00
2017.03.14 04:12:51.755,0.93028,0.93047,1.00,1.00
2017.03.14 04:12:54.408,0.93023,0.93047,1.50,1.00
2017.03.14 04:12:54.458,0.93028,0.93047,1.00,1.00
2017.03.14 04:12:57.770,0.93028,0.93046,1.00,1.00
2017.03.14 04:12:59.262,0.93023,0.93046,1.00,1.00
2017.03.14 04:13:00.517,0.93027,0.93046,1.00,1.00
2017.03.14 04:13:01.062,0.93022,0.93046,1.00,1.00
2017.03.14 04:13:01.264,0.9302,0.93046,1.00,1.00
2017.03.14 04:13:01.316,0.93022,0.93046,1.00,1.00
2017.03.14 04:13:01.516,0.9302,0.93046,1.00,1.00
2017.03.14 04:13:01.617,0.93023,0.93046,1.00,1.00
2017.03.14 04:13:03.350,0.93023,0.93047,1.00,1.00
2017.03.14 04:13:07.699,0.93026,0.9305,1.00,1.00
2017.03.14 04:13:07.749,0.93023,0.9305,1.50,1.00
2017.03.14 04:13:07.850,0.93022,0.93047,1.50,1.00
2017.03.14 04:13:08.295,0.93027,0.93047,1.00,1.00
2017.03.14 04:13:08.346,0.93023,0.93047,1.00,1.00
2017.03.14 04:13:09.156,0.93022,0.93047,1.50,1.00
2017.03.14 04:13:10.816,0.93023,0.93047,1.00,1.00
2017.03.14 04:13:26.218,0.93023,0.93046,1.00,1.00
2017.03.14 04:13:26.318,0.93023,0.93048,1.00,1.00
2017.03.14 04:13:42.360,0.93023,0.93047,1.50,1.00
2017.03.14 04:13:42.861,0.93023,0.9305,1.50,1.00
2017.03.14 04:13:46.934,0.93024,0.93048,1.00,1.00
2017.03.14 04:13:47.037,0.93026,0.93051,1.00,1.00
2017.03.14 04:13:47.188,0.93025,0.93049,1.00,1.00
2017.03.14 04:13:47.490,0.93028,0.93049,1.00,1.00
2017.03.14 04:13:48.237,0.93028,0.93048,1.00,1.00
2017.03.14 04:13:49.517,0.93023,0.93047,1.00,1.00
2017.03.14 04:13:57.615,0.93023,0.93049,1.50,1.00
2017.03.14 04:13:57.896,0.93027,0.93049,1.00,1.00
2017.03.14 04:13:57.947,0.93023,0.93049,1.50,1.00
2017.03.14 04:14:00.534,0.93024,0.9305,1.00,1.00
2017.03.14 04:14:00.584,0.93026,0.9305,1.00,1.00
2017.03.14 04:14:02.644,0.93026,0.93052,1.00,1.00
2017.03.14 04:14:02.694,0.93026,0.9305,1.00,1.00
2017.03.14 04:14:03.661,0.93027,0.9305,1.00,1.00
2017.03.14 04:14:07.756,0.93028,0.9305,1.00,1.00
2017.03.14 04:14:08.092,0.93027,0.93048,1.00,1.00
2017.03.14 04:14:09.216,0.93024,0.93048,1.00,1.00
2017.03.14 04:14:13.524,0.93022,0.93049,1.50,1.00
2017.03.14 04:14:17.417,0.93023,0.93049,1.00,1.00
2017.03.14 04:14:18.101,0.93025,0.93049,1.00,1.00
2017.03.14 04:14:18.219,0.93025,0.93051,1.00,1.00
2017.03.14 04:14:26.176,0.93028,0.93051,1.00,1.00
2017.03.14 04:14:26.275,0.93025,0.93051,1.00,1.00
2017.03.14 04:14:28.093,0.93026,0.93053,1.00,1.00
2017.03.14 04:14:28.516,0.93026,0.9305,1.00,1.00
2017.03.14 04:14:41.695,0.93033,0.9305,1.00,1.00
2017.03.14 04:14:42.981,0.93033,0.93051,1.00,1.00
2017.03.14 04:14:48.803,0.93033,0.93053,1.00,1.00
2017.03.14 04:14:49.526,0.93033,0.93052,1.00,1.00
2017.03.14 04:14:56.772,0.93033,0.93051,1.00,1.00
2017.03.14 04:15:03.088,0.93033,0.93053,1.00,1.00
2017.03.14 04:15:04.091,0.93033,0.93051,1.00,1.00
2017.03.14 04:15:04.615,0.93027,0.93051,1.50,1.00
2017.03.14 04:15:05.046,0.93032,0.93051,1.00,1.00
2017.03.14 04:15:05.824,0.93027,0.93051,1.00,1.00
2017.03.14 04:15:08.158,0.93025,0.93052,1.00,1.00
2017.03.14 04:15:08.495,0.93028,0.93052,1.00,1.00
2017.03.14 04:15:10.040,0.93028,0.93051,1.00,1.00
2017.03.14 04:15:13.383,0.93027,0.93051,1.50,1.00
2017.03.14 04:15:21.625,0.93028,0.93051,1.00,1.00
2017.03.14 04:15:26.038,0.93028,0.93053,1.50,1.00
2017.03.14 04:15:26.576,0.93033,0.93053,1.00,1.00
2017.03.14 04:15:26.875,0.93028,0.93053,1.50,1.00
2017.03.14 04:15:27.518,0.93032,0.93053,1.00,1.00
2017.03.14 04:15:28.070,0.93032,0.93052,1.00,1.00
2017.03.14 04:15:28.645,0.93028,0.93052,1.00,1.00
2017.03.14 04:15:28.945,0.93033,0.93052,1.00,1.00
2017.03.14 04:15:33.916,0.93028,0.93052,1.00,1.00
2017.03.14 04:15:38.116,0.93025,0.93052,1.00,1.00
2017.03.14 04:15:41.442,0.93025,0.93051,1.00,1.00
2017.03.14 04:15:43.100,0.93026,0.93051,1.00,1.00
2017.03.14 04:15:43.634,0.93027,0.93052,1.00,1.00
2017.03.14 04:15:44.254,0.93027,0.93053,1.00,1.00
2017.03.14 04:15:44.916,0.93028,0.93053,1.00,1.00
2017.03.14 04:15:46.205,0.93027,0.93053,1.00,1.00
2017.03.14 04:15:48.679,0.93027,0.93054,1.00,1.00
2017.03.14 04:15:53.695,0.93028,0.93054,1.00,1.00
2017.03.14 04:15:54.401,0.93026,0.93053,1.00,1.00
2017.03.14 04:15:57.629,0.93028,0.93052,1.00,1.00
2017.03.14 04:15:58.728,0.93027,0.93052,1.00,1.00
2017.03.14 04:16:03.048,0.93025,0.93051,1.00,1.00
2017.03.14 04:16:03.099,0.93027,0.93051,1.00,1.00
2017.03.14 04:16:03.446,0.93032,0.93059,1.00,1.00
2017.03.14 04:16:03.700,0.93032,0.93056,1.50,1.00
2017.03.14 04:16:06.819,0.9303,0.93056,1.00,1.00
2017.03.14 04:16:07.087,0.93028,0.93055,1.50,1.00
2017.03.14 04:16:07.138,0.93028,0.93052,1.00,1.00
2017.03.14 04:16:08.143,0.93027,0.93052,1.50,1.00
2017.03.14 04:16:08.781,0.93029,0.93054,1.00,1.00
2017.03.14 04:16:08.831,0.93027,0.93054,1.50,1.00
2017.03.14 04:16:08.932,0.93032,0.93054,1.00,1.00
2017.03.14 04:16:09.083,0.93033,0.93057,1.00,1.00
2017.03.14 04:16:09.336,0.93035,0.93059,1.00,1.00
2017.03.14 04:16:09.761,0.93038,0.93059,1.00,1.00
2017.03.14 04:16:12.542,0.93038,0.93062,1.00,1.00
2017.03.14 04:16:14.656,0.93036,0.93062,1.00,1.00
2017.03.14 04:16:14.757,0.93038,0.93063,1.00,1.00
2017.03.14 04:16:18.238,0.93039,0.93063,1.00,1.00
2017.03.14 04:16:20.150,0.93038,0.93062,1.00,1.00
2017.03.14 04:16:28.225,0.93038,0.93064,1.00,1.50
2017.03.14 04:16:31.414,0.93038,0.93062,1.00,1.00
2017.03.14 04:16:33.812,0.93038,0.93063,1.00,1.00
2017.03.14 04:16:42.719,0.93038,0.93061,1.00,1.00
2017.03.14 04:16:43.720,0.93038,0.93062,1.00,1.00
2017.03.14 04:16:44.680,0.93038,0.93063,1.50,1.00
2017.03.14 04:16:45.793,0.93038,0.93062,1.00,1.00
2017.03.14 04:16:49.715,0.93037,0.93062,1.50,1.00
2017.03.14 04:16:58.466,0.93036,0.9306,1.00,1.00
2017.03.14 04:16:59.280,0.93037,0.93058,1.00,1.00
2017.03.14 04:16:59.330,0.93037,0.9306,1.00,1.00
2017.03.14 04:17:03.829,0.93037,0.93059,1.00,1.00
2017.03.14 04:17:04.527,0.93037,0.93061,1.00,1.00
2017.03.14 04:17:06.639,0.93038,0.93061,1.00,1.00
2017.03.14 04:17:08.811,0.93038,0.93063,1.00,1.00
2017.03.14 04:17:08.983,0.93033,0.9306,1.50,1.00
2017.03.14 04:17:09.034,0.93036,0.9306,1.00,1.00
2017.03.14 04:17:09.296,0.93037,0.93062,1.00,1.00
2017.03.14 04:17:09.397,0.93035,0.9306,1.00,1.00
2017.03.14 04:17:12.126,0.93035,0.93059,1.00,1.00
2017.03.14 04:17:13.089,0.93034,0.93061,1.00,1.00
2017.03.14 04:17:14.091,0.93035,0.93059,1.00,1.00
2017.03.14 04:17:15.545,0.93037,0.93059,1.00,1.00
2017.03.14 04:17:15.646,0.93033,0.9306,1.00,1.00
2017.03.14 04:17:15.847,0.93035,0.93059,1.00,1.00
2017.03.14 04:17:18.891,0.93034,0.93061,1.00,1.00
2017.03.14 04:17:18.992,0.93036,0.9306,1.00,1.00
2017.03.14 04:17:19.295,0.93034,0.93061,1.00,1.00
2017.03.14 04:17:19.396,0.93029,0.93053,1.00,1.00
2017.03.14 04:17:19.732,0.93028,0.93048,1.00,1.00
2017.03.14 04:17:19.782,0.93028,0.93051,1.00,1.00
2017.03.14 04:17:20.484,0.93028,0.93049,1.00,1.00
2017.03.14 04:17:21.816,0.93028,0.9305,1.00,1.00
2017.03.14 04:17:24.215,0.93026,0.9305,1.00,1.00
2017.03.14 04:17:27.419,0.93022,0.93049,1.50,1.00
2017.03.14 04:17:28.414,0.93024,0.93048,1.00,1.00
2017.03.14 04:17:28.931,0.93024,0.93051,1.00,1.00
2017.03.14 04:17:29.719,0.93028,0.93051,1.00,1.00
2017.03.14 04:17:29.815,0.93024,0.93051,1.00,1.00
2017.03.14 04:17:33.889,0.93025,0.93049,1.00,1.00
2017.03.14 04:17:35.342,0.93025,0.93051,1.00,1.00
2017.03.14 04:17:36.185,0.93025,0.93049,1.00,1.00
2017.03.14 04:17:37.415,0.93028,0.93049,1.00,1.00
2017.03.14 04:17:53.165,0.93025,0.93049,1.00,1.00
2017.03.14 04:17:53.594,0.93028,0.93049,1.00,1.00
2017.03.14 04:17:58.564,0.93027,0.93049,1.00,1.00
2017.03.14 04:18:00.356,0.93027,0.93048,1.00,1.00
2017.03.14 04:18:01.538,0.93028,0.93048,1.00,1.00
2017.03.14 04:18:04.268,0.93028,0.93049,1.00,1.00
2017.03.14 04:18:18.978,0.93028,0.9305,1.00,1.00
2017.03.14 04:18:23.008,0.93023,0.9305,1.00,1.00
2017.03.14 04:18:24.576,0.93028,0.9305,1.00,1.00
2017.03.14 04:18:27.594,0.93026,0.9305,1.00,1.00
2017.03.14 04:18:33.507,0.93025,0.9305,1.00,1.00
2017.03.14 04:18:38.641,0.93025,0.93049,1.00,1.00
2017.03.14 04:18:38.692,0.93027,0.93049,1.00,1.00
2017.03.14 04:18:42.377,0.93028,0.93049,1.00,1.00
2017.03.14 04:18:42.894,0.93028,0.93048,1.00,1.00
2017.03.14 04:18:43.460,0.93028,0.93049,1.00,1.00
2017.03.14 04:18:47.732,0.93028,0.93051,1.00,1.00
2017.03.14 04:18:47.943,0.93025,0.93051,1.00,1.00
2017.03.14 04:18:48.193,0.93028,0.93051,1.00,1.00
2017.03.14 04:18:49.040,0.93028,0.9305,1.00,1.00
2017.03.14 04:18:50.115,0.93027,0.9305,1.00,1.00
2017.03.14 04:18:50.848,0.93028,0.93047,1.00,1.00
2017.03.14 04:18:52.814,0.93028,0.93048,1.00,1.00
2017.03.14 04:18:53.816,0.93028,0.93049,1.00,1.00
2017.03.14 04:18:56.850,0.93024,0.93049,1.00,1.00
2017.03.14 04:18:56.901,0.93023,0.93047,1.50,1.00
2017.03.14 04:19:09.363,0.93027,0.93047,1.00,1.00
2017.03.14 04:19:09.515,0.93027,0.9305,1.00,1.00
2017.03.14 04:19:13.019,0.93027,0.93049,1.00,1.00
2017.03.14 04:19:14.020,0.93027,0.93048,1.00,1.00
2017.03.14 04:19:19.127,0.93027,0.93049,1.00,1.00
2017.03.14 04:19:25.916,0.93024,0.93049,1.00,1.00
2017.03.14 04:19:26.115,0.93023,0.93047,1.50,1.00
2017.03.14 04:19:26.761,0.93024,0.93048,1.00,1.00
2017.03.14 04:19:28.049,0.93023,0.9305,1.50,1.00
2017.03.14 04:19:28.550,0.93023,0.93047,1.50,1.00
2017.03.14 04:19:32.610,0.93027,0.93047,1.00,1.00
2017.03.14 04:19:33.337,0.93028,0.93049,1.00,1.00
2017.03.14 04:19:33.714,0.93024,0.93049,1.00,1.00
2017.03.14 04:19:33.993,0.93028,0.93049,1.00,1.00
2017.03.14 04:19:40.551,0.93024,0.93049,1.00,1.00
2017.03.14 04:19:42.287,0.93023,0.93048,1.50,1.00
2017.03.14 04:19:43.580,0.93024,0.93048,1.00,1.00
2017.03.14 04:19:45.974,0.93023,0.93048,1.00,1.00
2017.03.14 04:19:48.815,0.93021,0.93048,1.00,1.00
2017.03.14 04:19:49.093,0.93023,0.93049,1.00,1.00
2017.03.14 04:19:51.883,0.93024,0.93048,1.00,1.00
2017.03.14 04:19:58.240,0.93023,0.93047,1.00,1.00
2017.03.14 04:19:58.639,0.93021,0.93047,1.00,1.00
2017.03.14 04:19:58.831,0.93024,0.93048,1.00,1.00
2017.03.14 04:20:04.187,0.93023,0.93047,1.50,1.00
2017.03.14 04:20:13.298,0.93023,0.93049,1.00,1.00
2017.03.14 04:20:14.138,0.93023,0.93048,1.00,1.00
2017.03.14 04:20:19.246,0.93022,0.93046,1.00,1.00
2017.03.14 04:20:19.767,0.93023,0.93046,1.00,1.00
2017.03.14 04:20:20.144,0.93027,0.93051,1.00,1.00
2017.03.14 04:20:20.294,0.93025,0.9305,1.00,1.00
2017.03.14 04:20:20.394,0.93028,0.93054,1.00,1.00
2017.03.14 04:20:20.495,0.93028,0.93051,1.00,1.00
2017.03.14 04:20:20.713,0.93023,0.93049,1.00,1.00
2017.03.14 04:20:28.168,0.93023,0.9305,1.00,1.00
2017.03.14 04:20:29.071,0.93023,0.93046,1.00,1.00
2017.03.14 04:20:29.274,0.93024,0.93048,1.00,1.00
2017.03.14 04:20:29.804,0.93025,0.93049,1.00,1.00
2017.03.14 04:20:29.944,0.93022,0.93046,1.00,1.00
2017.03.14 04:20:30.919,0.93024,0.93048,1.00,1.00
2017.03.14 04:20:31.593,0.93024,0.93047,1.00,1.00
2017.03.14 04:20:32.112,0.93024,0.93048,1.00,1.00
2017.03.14 04:20:32.717,0.93024,0.93047,1.00,1.00
2017.03.14 04:20:33.746,0.93023,0.93047,1.00,1.00
2017.03.14 04:20:39.125,0.93021,0.93047,1.00,1.50
2017.03.14 04:20:40.056,0.93023,0.93047,1.00,1.00
2017.03.14 04:20:40.176,0.93021,0.93047,1.00,1.00
2017.03.14 04:20:47.024,0.93022,0.93048,1.00,1.00
2017.03.14 04:20:49.277,0.93023,0.93047,1.00,1.00
2017.03.14 04:20:58.227,0.93023,0.93049,1.50,1.00
2017.03.14 04:21:04.307,0.93023,0.9305,1.50,1.00
2017.03.14 04:21:20.787,0.93023,0.93049,1.50,1.00
2017.03.14 04:21:20.996,0.93025,0.93049,1.00,1.00
2017.03.14 04:21:21.311,0.93027,0.93049,1.00,1.00
2017.03.14 04:21:21.982,0.93027,0.93051,1.00,1.00
2017.03.14 04:21:28.287,0.93027,0.93049,1.00,1.00
2017.03.14 04:21:33.779,0.93025,0.93049,1.00,1.00
2017.03.14 04:21:34.248,0.93027,0.93049,1.00,1.00
2017.03.14 04:21:42.885,0.93027,0.93047,1.00,1.00
2017.03.14 04:21:43.819,0.93027,0.9305,1.00,1.00
2017.03.14 04:21:52.240,0.93027,0.93051,1.00,1.00
2017.03.14 04:21:56.490,0.93024,0.93051,1.00,1.00
2017.03.14 04:21:56.591,0.93022,0.93048,1.00,1.00
2017.03.14 04:21:57.813,0.93028,0.93048,1.00,1.00
2017.03.14 04:21:58.849,0.93028,0.93047,1.00,1.00
2017.03.14 04:21:59.589,0.93028,0.93049,1.00,1.00
2017.03.14 04:22:04.427,0.93028,0.93048,1.00,1.00
2017.03.14 04:22:35.299,0.93028,0.9305,1.00,1.00
2017.03.14 04:22:35.400,0.93028,0.93053,1.00,1.50
2017.03.14 04:22:35.615,0.93027,0.93051,1.00,1.00
2017.03.14 04:22:36.036,0.93027,0.93053,1.50,1.00
2017.03.14 04:22:43.437,0.93027,0.93054,1.50,1.00
2017.03.14 04:22:44.441,0.93028,0.93054,1.00,1.00
2017.03.14 04:22:54.912,0.93029,0.93056,1.00,1.00
2017.03.14 04:22:55.293,0.93033,0.93056,1.00,1.00
2017.03.14 04:22:57.762,0.93033,0.93055,1.00,1.00
2017.03.14 04:23:03.307,0.93033,0.93053,1.00,1.00
2017.03.14 04:23:03.358,0.93033,0.93055,1.00,1.00
2017.03.14 04:23:08.514,0.93032,0.93055,1.00,1.00
2017.03.14 04:23:13.538,0.93032,0.93054,1.00,1.00
2017.03.14 04:23:17.764,0.93032,0.93052,1.00,1.00
2017.03.14 04:23:18.578,0.93032,0.93054,1.00,1.00
2017.03.14 04:23:19.577,0.93032,0.93055,1.00,1.00
2017.03.14 04:23:25.792,0.93035,0.93059,1.00,1.00
2017.03.14 04:23:25.843,0.93037,0.93059,1.00,1.00
2017.03.14 04:23:25.894,0.93037,0.93062,1.00,1.50
2017.03.14 04:23:27.228,0.93038,0.93062,1.00,1.00
2017.03.14 04:23:32.339,0.93038,0.93061,1.00,1.00
2017.03.14 04:23:32.448,0.93038,0.93063,1.00,1.00
2017.03.14 04:23:35.108,0.93038,0.93062,1.00,1.00
2017.03.14 04:23:36.572,0.93038,0.93063,1.00,1.00
2017.03.14 04:23:49.637,0.93038,0.93064,1.00,1.00
2017.03.14 04:23:53.204,0.93038,0.93062,1.00,1.00
2017.03.14 04:23:55.088,0.93037,0.93062,1.00,1.00
2017.03.14 04:23:57.836,0.93035,0.93062,1.00,1.00
2017.03.14 04:23:58.439,0.93036,0.9306,1.00,1.00
2017.03.14 04:24:01.662,0.93037,0.93061,1.00,1.00
2017.03.14 04:24:01.712,0.93037,0.93063,1.00,1.00
2017.03.14 04:24:01.763,0.93042,0.93063,1.00,1.00
2017.03.14 04:24:02.215,0.93037,0.93063,1.00,1.00
2017.03.14 04:24:04.166,0.93036,0.93063,1.00,1.00
2017.03.14 04:24:17.069,0.93037,0.93061,1.00,1.00
2017.03.14 04:24:17.836,0.93038,0.93062,1.00,1.00
2017.03.14 04:24:17.936,0.93037,0.93064,1.50,1.00
2017.03.14 04:24:19.697,0.93038,0.93062,1.00,1.00
2017.03.14 04:24:32.337,0.93039,0.93064,1.00,1.00
2017.03.14 04:24:33.317,0.9304,0.93064,1.00,1.00
2017.03.14 04:24:34.319,0.9304,0.93065,1.00,1.00
2017.03.14 04:24:35.337,0.9304,0.93064,1.00,1.00
2017.03.14 04:24:43.677,0.93039,0.93064,1.00,1.00
2017.03.14 04:24:49.256,0.9304,0.93064,1.00,1.00
2017.03.14 04:24:54.845,0.93039,0.93066,1.00,1.00
2017.03.14 04:24:55.798,0.93041,0.93065,1.00,1.00
2017.03.14 04:24:58.057,0.9304,0.93067,1.00,1.00
2017.03.14 04:25:02.078,0.9304,0.93065,1.00,1.00
2017.03.14 04:25:19.317,0.93041,0.93065,1.00,1.00
2017.03.14 04:25:23.060,0.93041,0.93066,1.00,1.00
2017.03.14 04:25:28.767,0.93041,0.93065,1.00,1.00
2017.03.14 04:25:30.425,0.93041,0.93067,1.00,1.00
2017.03.14 04:25:30.576,0.93043,0.93067,1.00,1.00
2017.03.14 04:25:30.626,0.93041,0.93066,1.00,1.00
2017.03.14 04:25:30.727,0.93043,0.93065,1.00,1.00
2017.03.14 04:25:31.077,0.93043,0.93063,1.00,1.00
2017.03.14 04:25:34.347,0.93043,0.93062,1.00,1.00
2017.03.14 04:25:35.348,0.93043,0.93063,1.00,1.00
2017.03.14 04:25:37.429,0.93043,0.93064,1.00,1.00
2017.03.14 04:25:37.630,0.9304,0.93064,1.00,1.00
2017.03.14 04:25:38.026,0.93038,0.93063,1.50,1.00
2017.03.14 04:25:39.968,0.93038,0.93064,1.00,1.00
2017.03.14 04:25:40.194,0.93043,0.93064,1.00,1.00
2017.03.14 04:25:40.943,0.93043,0.93063,1.00,1.00
2017.03.14 04:25:43.686,0.93043,0.93062,1.00,1.00
2017.03.14 04:25:43.814,0.93038,0.93062,1.50,1.00
2017.03.14 04:25:44.131,0.93043,0.93061,1.00,1.00
2017.03.14 04:25:49.377,0.93043,0.93062,1.00,1.00
2017.03.14 04:25:49.878,0.93043,0.93063,1.00,1.00
2017.03.14 04:26:12.085,0.93043,0.93062,1.00,1.00
2017.03.14 04:26:13.446,0.93043,0.93061,1.00,1.00
2017.03.14 04:26:14.448,0.93043,0.93062,1.00,1.00
2017.03.14 04:26:28.887,0.93043,0.93064,1.00,1.00
2017.03.14 04:26:30.315,0.93038,0.93064,1.00,1.00
2017.03.14 04:26:37.014,0.93043,0.93064,1.00,1.00
2017.03.14 04:26:38.216,0.93038,0.93064,1.00,1.00
2017.03.14 04:26:39.513,0.93043,0.93064,1.00,1.00
2017.03.14 04:26:42.164,0.93037,0.93064,1.50,1.00
2017.03.14 04:26:42.214,0.93037,0.93061,1.50,1.00
2017.03.14 04:26:43.918,0.93037,0.93063,1.50,1.00
2017.03.14 04:26:58.214,0.93038,0.93063,1.00,1.00
2017.03.14 04:26:59.449,0.93038,0.93062,1.00,1.00
2017.03.14 04:27:03.313,0.93042,0.93062,1.00,1.00
2017.03.14 04:27:03.513,0.93037,0.93062,1.50,1.00
2017.03.14 04:27:05.028,0.93038,0.93062,1.00,1.00
2017.03.14 04:27:18.127,0.93043,0.93062,1.00,1.00
2017.03.14 04:27:18.234,0.93038,0.93062,1.00,1.00
2017.03.14 04:27:44.037,0.93038,0.93063,1.00,1.00
2017.03.14 04:27:45.040,0.93038,0.93062,1.00,1.00
2017.03.14 04:27:57.424,0.93042,0.93062,1.00,1.00
2017.03.14 04:28:04.647,0.93042,0.93064,1.00,1.00
2017.03.14 04:28:36.692,0.93037,0.93062,1.00,1.00
2017.03.14 04:28:36.810,0.93037,0.93052,1.00,1.00
2017.03.14 04:28:37.363,0.93037,0.93061,1.00,1.00
2017.03.14 04:28:37.593,0.93037,0.93053,1.00,1.00
2017.03.14 04:28:42.972,0.93037,0.93052,1.00,1.00
2017.03.14 04:28:44.659,0.93036,0.93052,1.00,1.00
2017.03.14 04:29:04.766,0.93037,0.93052,1.00,1.00
2017.03.14 04:29:06.247,0.93036,0.93052,1.00,1.00
2017.03.14 04:29:06.297,0.93033,0.93052,1.00,1.00
2017.03.14 04:29:06.348,0.93032,0.93056,1.00,1.00
2017.03.14 04:29:06.448,0.93029,0.93053,1.00,1.00
2017.03.14 04:29:06.750,0.93029,0.93048,1.00,1.00
2017.03.14 04:29:06.862,0.93029,0.93054,1.00,1.00
2017.03.14 04:29:07.137,0.93029,0.93052,1.00,1.00
2017.03.14 04:29:09.441,0.93028,0.93052,1.00,1.50
2017.03.14 04:29:10.071,0.93029,0.93052,1.00,1.00
2017.03.14 04:29:15.606,0.9303,0.93052,1.00,1.00
2017.03.14 04:29:18.813,0.9303,0.93054,1.00,1.00
2017.03.14 04:29:19.821,0.9303,0.93047,1.00,1.00
2017.03.14 04:29:21.555,0.93029,0.93047,1.00,1.00
2017.03.14 04:29:39.850,0.93029,0.93053,1.00,1.00
2017.03.14 04:29:49.856,0.93028,0.93052,1.00,1.00
2017.03.14 04:29:59.808,0.93028,0.93053,1.00,1.50
2017.03.14 04:30:19.252,0.93028,0.93047,1.00,1.00
2017.03.14 04:30:20.420,0.93027,0.93047,1.00,1.00
2017.03.14 04:30:21.511,0.93027,0.93053,1.00,1.50
2017.03.14 04:30:22.151,0.93028,0.93054,1.50,1.00
2017.03.14 04:30:29.372,0.93029,0.93054,1.00,1.00
2017.03.14 04:30:30.742,0.9303,0.93054,1.00,1.00
2017.03.14 04:30:49.815,0.9303,0.93052,1.00,1.00
2017.03.14 04:30:49.967,0.9303,0.93054,1.00,1.00
2017.03.14 04:30:50.480,0.9303,0.93055,1.00,1.00
2017.03.14 04:31:05.058,0.9303,0.93054,1.00,1.00
2017.03.14 04:31:05.510,0.93028,0.93054,1.00,1.00
2017.03.14 04:31:07.095,0.93027,0.93054,1.50,1.00
2017.03.14 04:31:13.316,0.93027,0.93048,1.00,1.00
2017.03.14 04:31:14.459,0.93028,0.93048,1.00,1.00
2017.03.14 04:31:15.460,0.93029,0.93048,1.00,1.00
2017.03.14 04:31:19.857,0.93029,0.93053,1.00,1.00
2017.03.14 04:31:19.958,0.93026,0.93052,1.00,1.00
2017.03.14 04:31:43.557,0.93025,0.93052,1.00,1.50
2017.03.14 04:31:44.059,0.93026,0.9305,1.00,1.00
2017.03.14 04:31:45.060,0.93024,0.93051,1.00,1.00
2017.03.14 04:31:48.694,0.93025,0.93049,1.00,1.00
2017.03.14 04:31:48.795,0.93023,0.93049,1.00,1.00
2017.03.14 04:31:50.599,0.93024,0.93049,1.00,1.00
2017.03.14 04:31:59.550,0.93024,0.9305,1.00,1.00
2017.03.14 04:32:00.860,0.93028,0.93052,1.00,1.50
2017.03.14 04:32:01.040,0.93037,0.93063,1.00,1.50
2017.03.14 04:32:01.345,0.93041,0.93065,1.00,1.00
2017.03.14 04:32:01.546,0.93042,0.93067,1.00,1.00
2017.03.14 04:32:02.134,0.93042,0.93068,1.00,1.50
2017.03.14 04:32:04.501,0.93042,0.93067,1.00,1.00
2017.03.14 04:32:06.648,0.93039,0.93066,1.00,1.00
2017.03.14 04:32:06.698,0.93039,0.93063,1.00,1.00
2017.03.14 04:32:08.453,0.93037,0.93063,1.00,1.00
2017.03.14 04:32:12.391,0.93039,0.93064,1.00,1.00
2017.03.14 04:32:14.579,0.93039,0.93065,1.00,1.00
2017.03.14 04:32:16.657,0.93041,0.93067,1.00,1.00
2017.03.14 04:32:17.475,0.93043,0.93067,1.00,1.00
2017.03.14 04:32:20.841,0.9304,0.93067,1.00,1.50
2017.03.14 04:32:21.415,0.93043,0.93067,1.00,1.00
2017.03.14 04:32:22.052,0.93041,0.93066,1.00,1.00
2017.03.14 04:32:22.103,0.93039,0.93065,1.00,1.00
2017.03.14 04:32:28.258,0.9304,0.93066,1.00,1.00
2017.03.14 04:32:28.832,0.93039,0.93065,1.00,1.00
2017.03.14 04:32:29.358,0.93039,0.93064,1.00,1.00
2017.03.14 04:32:30.361,0.93039,0.93063,1.00,1.00
2017.03.14 04:32:31.362,0.93039,0.93064,1.00,1.00
2017.03.14 04:32:35.189,0.93039,0.93063,1.00,1.00
2017.03.14 04:32:38.850,0.9304,0.93064,1.00,1.00
2017.03.14 04:32:38.901,0.93038,0.93063,1.50,1.00
2017.03.14 04:32:45.101,0.9304,0.93064,1.00,1.00
2017.03.14 04:32:47.786,0.93041,0.93067,1.00,1.00
2017.03.14 04:32:47.892,0.93043,0.93067,1.00,1.00
2017.03.14 04:32:48.043,0.93044,0.93069,1.00,1.00
2017.03.14 04:32:48.244,0.93045,0.93071,1.00,1.00
2017.03.14 04:32:49.207,0.93047,0.93071,1.00,1.00
2017.03.14 04:32:49.940,0.93048,0.93072,1.00,1.50
2017.03.14 04:32:52.941,0.93047,0.93072,1.00,1.00
2017.03.14 04:32:53.841,0.93047,0.93071,1.00,1.00
2017.03.14 04:32:54.682,0.93041,0.93068,1.00,1.50
2017.03.14 04:32:54.732,0.93041,0.93065,1.00,1.00
2017.03.14 04:32:55.743,0.93038,0.93065,1.00,1.00
2017.03.14 04:32:56.142,0.93038,0.93063,1.00,1.00
2017.03.14 04:32:57.129,0.93039,0.93063,1.00,1.00
2017.03.14 04:32:58.026,0.93038,0.93065,1.00,1.00
2017.03.14 04:33:00.170,0.93039,0.93065,1.00,1.00
2017.03.14 04:33:05.249,0.9304,0.93065,1.00,1.00
2017.03.14 04:33:06.251,0.9304,0.93066,1.00,1.00
2017.03.14 04:33:15.222,0.9304,0.93064,1.00,1.00
2017.03.14 04:33:30.230,0.9304,0.93065,1.00,1.00
2017.03.14 04:33:35.821,0.9304,0.93064,1.00,1.00
2017.03.14 04:34:14.076,0.9304,0.93066,1.00,1.00
2017.03.14 04:34:16.159,0.93043,0.93067,1.00,1.00
2017.03.14 04:34:24.969,0.9304,0.93067,1.00,1.00
2017.03.14 04:34:30.350,0.93041,0.93067,1.00,1.00
2017.03.14 04:35:00.410,0.93041,0.93066,1.00,1.00
2017.03.14 04:35:05.486,0.93042,0.93066,1.00,1.00
2017.03.14 04:35:12.398,0.93039,0.93066,1.00,1.00
2017.03.14 04:35:12.603,0.93041,0.93065,1.00,1.00
2017.03.14 04:35:12.912,0.93044,0.93068,1.00,1.00
2017.03.14 04:35:14.311,0.93042,0.93068,1.00,1.00
2017.03.14 04:35:14.663,0.93042,0.93066,1.00,1.00
2017.03.14 04:35:16.153,0.93042,0.93067,1.00,1.00
2017.03.14 04:35:16.914,0.93043,0.93068,1.00,1.00
2017.03.14 04:35:17.831,0.93042,0.93068,1.00,1.00
2017.03.14 04:35:21.710,0.93043,0.93068,1.00,1.00
2017.03.14 04:35:29.967,0.93044,0.93068,1.00,1.00
2017.03.14 04:35:54.607,0.93041,0.93068,1.00,1.00
2017.03.14 04:36:00.528,0.93041,0.93067,1.00,1.00
2017.03.14 04:36:12.334,0.93041,0.93065,1.00,1.00
2017.03.14 04:36:12.630,0.93033,0.93059,1.50,1.00
2017.03.14 04:36:12.681,0.93036,0.9306,1.00,1.00
2017.03.14 04:36:12.781,0.93032,0.93058,1.50,1.00
2017.03.14 04:36:13.348,0.93033,0.93058,1.00,1.00
2017.03.14 04:36:13.485,0.93035,0.93057,1.00,1.00
2017.03.14 04:36:13.626,0.93035,0.9306,1.00,1.00
2017.03.14 04:36:13.680,0.93038,0.93061,1.00,1.00
2017.03.14 04:36:13.810,0.93035,0.93059,1.00,1.00
2017.03.14 04:36:14.329,0.93035,0.93058,1.00,1.00
2017.03.14 04:36:16.361,0.93033,0.93058,1.00,1.00
2017.03.14 04:36:17.222,0.93033,0.93059,1.00,1.00
2017.03.14 04:36:18.322,0.93033,0.93058,1.00,1.00
2017.03.14 04:36:21.214,0.93033,0.93057,1.00,1.00
2017.03.14 04:36:30.589,0.93035,0.93057,1.00,1.00
2017.03.14 04:36:32.114,0.93035,0.93059,1.00,1.00
2017.03.14 04:36:33.954,0.9303,0.93056,1.00,1.00
2017.03.14 04:36:34.105,0.93032,0.93056,1.00,1.00
2017.03.14 04:36:34.797,0.93032,0.93055,1.00,1.00
2017.03.14 04:36:40.563,0.93032,0.93056,1.00,1.00
2017.03.14 04:36:41.253,0.93031,0.93056,1.00,1.00
2017.03.14 04:36:43.261,0.93029,0.93055,1.00,1.00
2017.03.14 04:36:45.619,0.9303,0.93055,1.00,1.00
2017.03.14 04:36:48.633,0.93032,0.93056,1.00,1.00
2017.03.14 04:36:50.697,0.93031,0.93056,1.00,1.00
2017.03.14 04:36:53.436,0.93031,0.93055,1.00,1.00
2017.03.14 04:36:58.713,0.93028,0.93055,1.00,1.00
2017.03.14 04:36:58.916,0.93027,0.93053,1.00,1.00
2017.03.14 04:36:59.481,0.93028,0.93053,1.00,1.00
2017.03.14 04:37:00.648,0.93029,0.93053,1.00,1.00
2017.03.14 04:37:01.528,0.9303,0.93053,1.00,1.00
2017.03.14 04:37:06.228,0.93028,0.93053,1.00,1.00
2017.03.14 04:37:13.883,0.93029,0.93053,1.00,1.00
2017.03.14 04:37:15.683,0.93028,0.93053,1.00,1.00
2017.03.14 04:37:28.117,0.93031,0.93055,1.00,1.00
2017.03.14 04:37:28.168,0.93028,0.93053,1.00,1.00
2017.03.14 04:37:28.269,0.93022,0.93045,1.50,1.00
2017.03.14 04:37:28.420,0.93022,0.93049,1.00,1.00
2017.03.14 04:37:28.729,0.93026,0.9305,1.00,1.00
2017.03.14 04:37:29.703,0.93026,0.93051,1.00,1.00
2017.03.14 04:37:30.706,0.93027,0.93051,1.00,1.00
2017.03.14 04:37:31.708,0.93027,0.93052,1.00,1.50
2017.03.14 04:37:40.815,0.93029,0.93056,1.00,1.00
2017.03.14 04:37:40.994,0.93027,0.93053,1.50,1.00
2017.03.14 04:37:41.613,0.93027,0.93052,1.00,1.00
2017.03.14 04:37:42.159,0.93027,0.93051,1.00,1.00
2017.03.14 04:37:50.816,0.93025,0.93052,1.00,1.50
2017.03.14 04:37:58.701,0.93028,0.93052,1.00,1.50
2017.03.14 04:38:00.078,0.93029,0.93054,1.00,1.00
2017.03.14 04:38:00.780,0.93027,0.93054,1.50,1.00
2017.03.14 04:38:05.714,0.93027,0.93052,1.00,1.00
2017.03.14 04:38:06.348,0.93026,0.93052,1.00,1.50
2017.03.14 04:38:17.893,0.93028,0.93052,1.00,1.00
2017.03.14 04:38:23.228,0.93027,0.93052,1.50,1.00
2017.03.14 04:38:23.330,0.93023,0.9305,1.50,1.00
2017.03.14 04:38:23.481,0.93023,0.93047,1.00,1.00
2017.03.14 04:38:24.693,0.93022,0.93047,1.00,1.00
2017.03.14 04:38:30.514,0.93023,0.93047,1.00,1.00
2017.03.14 04:38:31.236,0.93023,0.93048,1.00,1.00
2017.03.14 04:38:38.693,0.93022,0.93048,1.00,1.00
2017.03.14 04:38:39.240,0.93022,0.93047,1.00,1.00
2017.03.14 04:38:40.963,0.9302,0.93047,1.00,1.50
2017.03.14 04:38:45.357,0.93019,0.93046,1.00,1.00
2017.03.14 04:38:46.359,0.9302,0.93046,1.00,1.00
2017.03.14 04:38:50.936,0.9302,0.93047,1.00,1.00
2017.03.14 04:39:00.888,0.93022,0.93046,1.00,1.00
2017.03.14 04:39:02.593,0.93022,0.93047,1.00,1.00
2017.03.14 04:39:03.595,0.93023,0.93047,1.50,1.00
2017.03.14 04:39:05.966,0.93023,0.93048,1.00,1.00
2017.03.14 04:39:06.098,0.93021,0.93047,1.00,1.00
2017.03.14 04:39:06.920,0.93022,0.93046,1.00,1.00
2017.03.14 04:39:07.453,0.93021,0.93045,1.00,1.00
2017.03.14 04:39:08.185,0.93026,0.93047,1.00,1.00
2017.03.14 04:39:08.235,0.93026,0.93051,1.00,1.00
2017.03.14 04:39:08.437,0.93028,0.93051,1.00,1.00
2017.03.14 04:39:15.918,0.93028,0.93052,1.00,1.00
2017.03.14 04:39:22.686,0.93028,0.93051,1.00,1.00
2017.03.14 04:39:22.787,0.93023,0.93048,1.00,1.00
2017.03.14 04:39:23.661,0.93024,0.93048,1.00,1.50
2017.03.14 04:39:32.753,0.93023,0.93047,1.00,1.00
2017.03.14 04:39:33.883,0.93023,0.93048,1.00,1.50
2017.03.14 04:39:36.026,0.93022,0.93048,1.00,1.50
2017.03.14 04:39:36.813,0.93023,0.93048,1.00,1.00
2017.03.14 04:39:37.187,0.93021,0.93045,1.00,1.00
2017.03.14 04:39:37.494,0.93016,0.93039,1.00,1.00
2017.03.14 04:39:37.645,0.93018,0.93042,1.00,1.00
2017.03.14 04:39:37.847,0.93019,0.93046,1.00,1.00
2017.03.14 04:39:37.947,0.93023,0.93047,1.00,1.00
2017.03.14 04:39:38.453,0.93024,0.93048,1.00,1.00
2017.03.14 04:39:42.864,0.93024,0.9305,1.00,1.00
2017.03.14 04:39:43.135,0.93024,0.93048,1.00,1.00
2017.03.14 04:39:43.185,0.93022,0.93048,1.50,1.00
2017.03.14 04:39:43.480,0.93024,0.93049,1.00,1.00
2017.03.14 04:39:45.993,0.93024,0.93048,1.00,1.00
2017.03.14 04:40:00.508,0.93023,0.93048,1.00,1.00
2017.03.14 04:40:01.508,0.93023,0.93049,1.00,1.00
2017.03.14 04:40:12.673,0.93026,0.93052,1.00,1.00
2017.03.14 04:40:12.975,0.93033,0.93059,1.00,1.00
2017.03.14 04:40:13.673,0.93034,0.93061,1.00,1.00
2017.03.14 04:40:15.537,0.93035,0.93059,1.00,1.00
2017.03.14 04:40:16.038,0.93035,0.93061,1.00,1.00
2017.03.14 04:40:16.139,0.93037,0.93061,1.00,1.00
2017.03.14 04:40:17.937,0.93035,0.93062,1.00,1.00
2017.03.14 04:40:18.931,0.93035,0.93061,1.00,1.00
2017.03.14 04:40:19.166,0.93035,0.93059,1.00,1.00
2017.03.14 04:40:21.117,0.93035,0.9306,1.00,1.00
2017.03.14 04:40:21.618,0.93034,0.9306,1.00,1.00
2017.03.14 04:40:24.215,0.93035,0.93062,1.00,1.00
2017.03.14 04:40:30.568,0.93035,0.93061,1.00,1.00
2017.03.14 04:40:31.569,0.93036,0.93061,1.00,1.00
2017.03.14 04:40:46.099,0.93036,0.9306,1.00,1.00
2017.03.14 04:40:51.177,0.93035,0.9306,1.00,1.00
2017.03.14 04:40:52.179,0.93036,0.9306,1.00,1.00
2017.03.14 04:40:53.626,0.93036,0.93062,1.00,1.50
2017.03.14 04:40:55.354,0.93037,0.93062,1.00,1.50
2017.03.14 04:41:16.159,0.93036,0.93062,1.00,1.00
2017.03.14 04:41:23.965,0.93038,0.93062,1.00,1.00
2017.03.14 04:41:25.584,0.93039,0.93062,1.00,1.00
2017.03.14 04:41:25.835,0.93037,0.93062,1.00,1.00
2017.03.14 04:41:25.886,0.93037,0.93064,1.00,1.00
2017.03.14 04:41:25.936,0.93036,0.93062,1.00,1.00
2017.03.14 04:41:26.733,0.93037,0.93062,1.00,1.00
2017.03.14 04:41:31.697,0.93037,0.93063,1.00,1.00
2017.03.14 04:41:43.770,0.93037,0.93062,1.00,1.00
2017.03.14 04:41:44.736,0.93037,0.93063,1.00,1.50
2017.03.14 04:41:46.021,0.93037,0.93062,1.00,1.00
2017.03.14 04:41:46.861,0.93036,0.93062,1.00,1.00
2017.03.14 04:41:51.515,0.93036,0.93063,1.00,1.50
2017.03.14 04:41:51.947,0.93038,0.93062,1.00,1.00
2017.03.14 04:41:53.917,0.93037,0.93062,1.00,1.00
2017.03.14 04:41:54.513,0.93036,0.93062,1.00,1.00
2017.03.14 04:42:01.248,0.93037,0.93062,1.00,1.00
2017.03.14 04:42:02.249,0.93038,0.93062,1.00,1.00
2017.03.14 04:42:06.327,0.93037,0.93062,1.00,1.00
2017.03.14 04:42:07.330,0.93037,0.93063,1.00,1.50
2017.03.14 04:42:12.804,0.93037,0.93062,1.00,1.00
2017.03.14 04:42:13.790,0.93036,0.93062,1.00,1.50
2017.03.14 04:42:14.659,0.93037,0.93062,1.00,1.00
2017.03.14 04:42:15.322,0.93036,0.93061,1.00,1.00
2017.03.14 04:42:16.485,0.93037,0.93063,1.50,1.00
2017.03.14 04:42:18.235,0.93037,0.93062,1.00,1.00
2017.03.14 04:42:21.857,0.93037,0.9306,1.00,1.00
2017.03.14 04:42:26.931,0.93036,0.9306,1.00,1.00
2017.03.14 04:42:33.616,0.93036,0.93061,1.00,1.00
2017.03.14 04:42:34.285,0.93036,0.9306,1.00,1.00
2017.03.14 04:42:45.838,0.93035,0.9306,1.00,1.00
2017.03.14 04:42:46.339,0.93036,0.9306,1.00,1.00
2017.03.14 04:42:49.304,0.93036,0.93062,1.00,1.50
2017.03.14 04:42:49.844,0.93035,0.93061,1.00,1.00
2017.03.14 04:42:50.750,0.93038,0.9306,1.00,1.00
2017.03.14 04:42:50.851,0.93035,0.9306,1.00,1.00
2017.03.14 04:42:51.727,0.93036,0.93061,1.00,1.00
2017.03.14 04:42:52.275,0.93037,0.93061,1.00,1.00
2017.03.14 04:42:53.177,0.93037,0.93062,1.00,1.50
2017.03.14 04:42:58.726,0.93036,0.9306,1.00,1.00
2017.03.14 04:42:58.777,0.93034,0.93059,1.00,1.00
2017.03.14 04:42:59.103,0.93034,0.93057,1.00,1.00
2017.03.14 04:43:00.867,0.93033,0.93057,1.00,1.00
2017.03.14 04:43:01.369,0.93034,0.93057,1.00,1.00
2017.03.14 04:43:10.963,0.93034,0.9306,1.00,1.00
2017.03.14 04:43:12.193,0.93034,0.93057,1.00,1.00
2017.03.14 04:43:14.214,0.93034,0.9306,1.00,1.00
2017.03.14 04:43:16.399,0.93035,0.9306,1.00,1.00
2017.03.14 04:43:20.692,0.93037,0.93061,1.00,1.00
2017.03.14 04:43:26.925,0.93038,0.93063,1.00,1.50
2017.03.14 04:43:27.026,0.93039,0.93065,1.00,1.00
2017.03.14 04:43:27.177,0.93041,0.93067,1.00,1.50
2017.03.14 04:43:29.460,0.93039,0.93065,1.00,1.00
2017.03.14 04:43:29.813,0.93036,0.93062,1.00,1.50
2017.03.14 04:43:30.128,0.93039,0.93063,1.00,1.00
2017.03.14 04:43:30.507,0.93039,0.93065,1.00,1.00
2017.03.14 04:43:32.716,0.93039,0.93062,1.00,1.00
2017.03.14 04:43:32.817,0.93036,0.93061,1.00,1.00
2017.03.14 04:43:32.918,0.93034,0.9306,1.00,1.00
2017.03.14 04:43:33.018,0.93036,0.93063,1.00,1.50
2017.03.14 04:43:33.119,0.93039,0.93063,1.00,1.50
2017.03.14 04:43:35.637,0.93041,0.93065,1.00,1.00
2017.03.14 04:43:36.836,0.9304,0.93064,1.00,1.00
2017.03.14 04:43:36.886,0.93039,0.93066,1.00,1.00
2017.03.14 04:43:37.858,0.9304,0.93066,1.00,1.00
2017.03.14 04:43:44.596,0.93042,0.93066,1.00,1.00
2017.03.14 04:43:54.741,0.93039,0.93065,1.00,1.00
2017.03.14 04:43:55.436,0.93041,0.93066,1.00,1.00
2017.03.14 04:43:55.743,0.93045,0.9307,1.00,1.00
2017.03.14 04:43:56.054,0.93047,0.93071,1.00,1.00
2017.03.14 04:43:56.887,0.93047,0.93072,1.00,1.50
2017.03.14 04:44:00.987,0.93048,0.93072,1.00,1.50
2017.03.14 04:44:07.067,0.93047,0.93072,1.00,1.50
2017.03.14 04:44:08.645,0.93046,0.93071,1.00,1.00
2017.03.14 04:44:08.696,0.93043,0.9307,1.00,1.00
2017.03.14 04:44:08.796,0.93043,0.93067,1.00,1.00
2017.03.14 04:44:09.315,0.93043,0.9307,1.50,1.00
2017.03.14 04:44:10.113,0.93043,0.93067,1.00,1.00
2017.03.14 04:44:10.639,0.93045,0.93067,1.00,1.00
2017.03.14 04:44:10.814,0.93045,0.93071,1.00,1.00
2017.03.14 04:44:31.548,0.93046,0.93072,1.00,1.00
2017.03.14 04:44:37.128,0.93045,0.93071,1.00,1.00
2017.03.14 04:44:46.430,0.93045,0.93067,1.00,1.00
2017.03.14 04:44:46.617,0.93045,0.93071,1.00,1.00
2017.03.14 04:44:51.656,0.93045,0.93072,1.00,1.50
2017.03.14 04:44:52.219,0.93045,0.93067,1.00,1.00
2017.03.14 04:44:52.541,0.93045,0.93072,1.00,1.50
2017.03.14 04:44:52.658,0.93046,0.9307,1.00,1.00
2017.03.14 04:44:54.814,0.93046,0.93067,1.00,1.00
2017.03.14 04:44:55.013,0.93046,0.9307,1.00,1.00
2017.03.14 04:44:55.808,0.93044,0.9307,1.00,1.00
2017.03.14 04:44:55.859,0.93044,0.93067,1.00,1.00
2017.03.14 04:44:58.713,0.93044,0.9307,1.00,1.00
2017.03.14 04:45:01.107,0.93043,0.9307,1.50,1.00
2017.03.14 04:45:03.626,0.93043,0.93067,1.00,1.00
2017.03.14 04:45:04.515,0.93046,0.93067,1.00,1.00
2017.03.14 04:45:04.811,0.93046,0.9307,1.00,1.00
2017.03.14 04:45:05.614,0.93046,0.93068,1.00,1.00
2017.03.14 04:45:08.429,0.93044,0.93068,1.00,1.00
2017.03.14 04:45:08.838,0.93046,0.9307,1.00,1.00
2017.03.14 04:45:09.390,0.93046,0.93071,1.00,1.00
2017.03.14 04:45:16.639,0.93046,0.9307,1.00,1.00
2017.03.14 04:45:17.215,0.93046,0.93067,1.00,1.00
2017.03.14 04:45:19.014,0.93046,0.9307,1.00,1.00
2017.03.14 04:45:22.276,0.93047,0.93072,1.00,1.00
2017.03.14 04:45:31.168,0.93047,0.93071,1.00,1.00
2017.03.14 04:45:31.670,0.93048,0.93072,1.00,1.00
2017.03.14 04:45:37.249,0.93046,0.93072,1.00,1.00
2017.03.14 04:45:46.286,0.93047,0.93073,1.00,1.50
2017.03.14 04:46:03.308,0.93047,0.93071,1.00,1.00
2017.03.14 04:46:04.291,0.93045,0.93072,1.00,1.50
2017.03.14 04:46:06.807,0.93047,0.93071,1.00,1.00
2017.03.14 04:46:07.308,0.93045,0.93071,1.00,1.00
2017.03.14 04:46:07.674,0.93047,0.93071,1.00,1.00
2017.03.14 04:46:24.125,0.93045,0.93071,1.00,1.00
2017.03.14 04:46:24.226,0.93044,0.93068,1.00,1.00
2017.03.14 04:46:25.774,0.93043,0.93068,1.00,1.00
2017.03.14 04:46:31.812,0.93044,0.93068,1.00,1.00
2017.03.14 04:46:34.624,0.93045,0.93069,1.00,1.00
2017.03.14 04:46:36.910,0.93044,0.93069,1.00,1.00
2017.03.14 04:46:37.870,0.93043,0.93069,1.50,1.00
2017.03.14 04:46:39.438,0.93045,0.9307,1.00,1.00
2017.03.14 04:46:46.318,0.93045,0.93071,1.00,1.00
2017.03.14 04:46:47.319,0.93046,0.93071,1.00,1.00
2017.03.14 04:46:48.320,0.93047,0.93071,1.00,1.00
2017.03.14 04:46:52.398,0.93046,0.93071,1.00,1.00
2017.03.14 04:46:53.835,0.93044,0.93071,1.00,1.00
2017.03.14 04:46:54.796,0.93045,0.93069,1.00,1.00
2017.03.14 04:46:57.712,0.93045,0.93072,1.00,1.00
2017.03.14 04:46:58.116,0.9304,0.93063,1.00,1.00
2017.03.14 04:46:58.319,0.93037,0.93061,1.00,1.00
2017.03.14 04:46:59.254,0.93036,0.93061,1.00,1.00
2017.03.14 04:47:01.446,0.93035,0.93061,1.00,1.00
2017.03.14 04:47:01.849,0.93037,0.93061,1.00,1.00
2017.03.14 04:47:02.365,0.93037,0.93063,1.50,1.00
2017.03.14 04:47:03.635,0.93038,0.93063,1.00,1.50
2017.03.14 04:47:03.685,0.93037,0.93061,1.00,1.00
2017.03.14 04:47:04.649,0.93038,0.93062,1.00,1.50
2017.03.14 04:47:06.131,0.93038,0.93058,1.00,1.00
2017.03.14 04:47:06.182,0.93038,0.93062,1.50,1.00
2017.03.14 04:47:07.429,0.93038,0.93061,1.00,1.00
2017.03.14 04:47:08.253,0.93037,0.93061,1.00,1.00
2017.03.14 04:47:09.655,0.93038,0.93062,1.00,1.00
2017.03.14 04:47:09.706,0.93038,0.93065,1.50,1.00
2017.03.14 04:47:09.933,0.93038,0.93063,1.00,1.00
2017.03.14 04:47:10.609,0.93039,0.93063,1.00,1.50
2017.03.14 04:47:12.010,0.93038,0.93063,1.00,1.00
2017.03.14 04:47:12.111,0.93036,0.93062,1.00,1.00
2017.03.14 04:47:13.359,0.93036,0.93061,1.00,1.00
2017.03.14 04:47:16.378,0.93036,0.93062,1.00,1.00
2017.03.14 04:47:16.428,0.93038,0.93062,1.00,1.00
2017.03.14 04:47:21.737,0.93037,0.93061,1.00,1.00
2017.03.14 04:47:22.737,0.93036,0.93063,1.00,1.50
2017.03.14 04:47:31.831,0.93038,0.93063,1.00,1.50
2017.03.14 04:47:32.903,0.93038,0.93062,1.00,1.00
2017.03.14 04:47:45.733,0.93038,0.93063,1.00,1.00
2017.03.14 04:47:46.491,0.93039,0.93063,1.00,1.50
2017.03.14 04:47:48.364,0.93037,0.93063,1.00,1.00
2017.03.14 04:47:49.993,0.93036,0.93062,1.00,1.00
2017.03.14 04:47:51.001,0.93035,0.93061,1.00,1.00
2017.03.14 04:47:52.518,0.93036,0.93061,1.00,1.00
2017.03.14 04:47:57.106,0.93036,0.9306,1.00,1.00
2017.03.14 04:47:57.207,0.93036,0.93062,1.00,1.00
2017.03.14 04:47:57.784,0.93037,0.93062,1.00,1.00
2017.03.14 04:47:58.305,0.93038,0.93062,1.00,1.00
2017.03.14 04:48:12.015,0.93038,0.93057,1.00,1.00
2017.03.14 04:48:15.285,0.93038,0.93063,1.00,1.50
2017.03.14 04:48:16.957,0.93037,0.93063,1.00,1.50
2017.03.14 04:48:17.447,0.93041,0.93063,1.00,1.00
2017.03.14 04:48:17.548,0.93041,0.93067,1.00,1.00
2017.03.14 04:48:17.598,0.93045,0.93067,1.00,1.00
2017.03.14 04:48:17.649,0.93047,0.93072,1.00,1.00
2017.03.14 04:48:18.096,0.93049,0.93072,1.00,1.00
2017.03.14 04:48:25.047,0.9305,0.93072,1.00,1.00
2017.03.14 04:48:25.148,0.93049,0.93074,1.00,1.00
2017.03.14 04:48:26.019,0.9305,0.93075,1.00,1.00
2017.03.14 04:48:27.801,0.93048,0.93074,1.00,1.00
2017.03.14 04:48:27.852,0.93047,0.93072,1.00,1.00
2017.03.14 04:48:28.183,0.93043,0.93067,1.00,1.00
2017.03.14 04:48:29.056,0.93044,0.93067,1.00,1.00
2017.03.14 04:48:30.000,0.93046,0.93067,1.00,1.00
2017.03.14 04:48:30.251,0.93052,0.93076,1.00,1.00
2017.03.14 04:48:30.302,0.93061,0.93077,1.00,1.00
2017.03.14 04:48:30.352,0.93062,0.93087,1.00,2.25
2017.03.14 04:48:30.456,0.93064,0.93087,1.00,2.25
2017.03.14 04:48:30.507,0.93064,0.9309,1.00,1.00
2017.03.14 04:48:30.624,0.93064,0.93087,1.00,1.00
2017.03.14 04:48:31.111,0.93064,0.9309,1.00,1.00
2017.03.14 04:48:31.228,0.93068,0.93095,1.00,1.00
2017.03.14 04:48:31.328,0.93073,0.93095,1.00,1.00
2017.03.14 04:48:31.379,0.93073,0.93102,1.00,1.00
2017.03.14 04:48:31.430,0.93075,0.93102,1.00,1.00
2017.03.14 04:48:31.480,0.93075,0.93104,1.00,1.00
2017.03.14 04:48:31.631,0.93073,0.93102,1.00,1.00
2017.03.14 04:48:32.587,0.93074,0.93102,1.00,1.00
2017.03.14 04:48:33.776,0.93072,0.93098,1.00,1.00
2017.03.14 04:48:33.827,0.93067,0.93095,1.50,1.00
2017.03.14 04:48:33.878,0.93067,0.93093,1.00,1.00
2017.03.14 04:48:33.928,0.93063,0.93091,1.00,1.00
2017.03.14 04:48:34.288,0.93061,0.93087,1.00,1.00
2017.03.14 04:48:35.355,0.93062,0.93087,1.00,1.00
2017.03.14 04:48:35.534,0.93062,0.9309,1.00,1.00
2017.03.14 04:48:35.721,0.93062,0.93088,1.00,1.00
2017.03.14 04:48:38.721,0.93063,0.93087,1.00,1.00
2017.03.14 04:48:42.833,0.93058,0.93083,1.00,1.00
2017.03.14 04:48:42.984,0.93056,0.9308,1.00,1.00
2017.03.14 04:48:43.034,0.93057,0.93082,1.00,1.00
2017.03.14 04:48:43.135,0.93052,0.93078,1.00,1.00
2017.03.14 04:48:43.186,0.93053,0.93081,1.00,1.00
2017.03.14 04:48:43.337,0.93053,0.93077,1.00,1.00
2017.03.14 04:48:43.387,0.93051,0.93077,1.00,1.00
2017.03.14 04:48:43.488,0.93053,0.93077,1.00,1.00
2017.03.14 04:48:43.639,0.93053,0.93082,1.50,1.50
2017.03.14 04:48:43.815,0.93053,0.93077,1.00,1.00
2017.03.14 04:48:43.915,0.93053,0.93082,1.50,1.50
2017.03.14 04:48:44.016,0.93053,0.93077,1.00,1.00
2017.03.14 04:48:44.264,0.93055,0.93082,1.00,1.00
2017.03.14 04:48:44.894,0.93053,0.93082,1.50,1.50
2017.03.14 04:48:44.945,0.93051,0.93078,1.00,1.00
2017.03.14 04:48:45.738,0.93054,0.93082,1.00,1.00
2017.03.14 04:48:46.280,0.93055,0.93083,1.00,1.00
2017.03.14 04:48:46.739,0.93053,0.93077,1.00,1.00
2017.03.14 04:48:46.790,0.93051,0.93077,1.50,1.00
2017.03.14 04:48:47.083,0.93053,0.93077,1.00,1.00
2017.03.14 04:48:47.594,0.93052,0.93077,1.00,1.00
2017.03.14 04:48:48.186,0.93054,0.93077,1.00,1.00
2017.03.14 04:48:48.236,0.93053,0.93081,1.00,1.00
2017.03.14 04:48:48.449,0.93051,0.93078,1.00,1.00
2017.03.14 04:48:49.509,0.93052,0.93078,1.00,1.00
2017.03.14 04:48:49.559,0.93052,0.93082,1.50,1.00
2017.03.14 04:48:49.610,0.93055,0.93083,1.00,1.00
2017.03.14 04:48:50.735,0.93057,0.93083,1.00,1.00
2017.03.14 04:48:51.065,0.93063,0.93087,1.00,1.00
2017.03.14 04:48:51.694,0.93062,0.93087,1.00,1.00
2017.03.14 04:48:53.812,0.93064,0.93087,1.00,1.00
2017.03.14 04:48:53.863,0.93064,0.9309,1.00,1.00
2017.03.14 04:48:53.913,0.93062,0.93088,1.00,1.00
2017.03.14 04:48:53.966,0.9306,0.93088,1.50,1.00
2017.03.14 04:48:54.016,0.93062,0.93086,1.00,1.00
2017.03.14 04:48:54.167,0.93057,0.93083,1.00,1.00
2017.03.14 04:48:54.904,0.93056,0.93082,1.00,1.00
2017.03.14 04:48:55.401,0.93054,0.93082,1.00,1.00
2017.03.14 04:48:55.612,0.93057,0.93082,1.00,1.50
2017.03.14 04:48:56.455,0.93053,0.93082,1.00,1.00
2017.03.14 04:48:56.506,0.93052,0.93078,1.00,1.00
2017.03.14 04:48:56.834,0.93054,0.93078,1.00,1.50
2017.03.14 04:48:56.939,0.93052,0.93078,1.00,1.00
2017.03.14 04:48:57.040,0.93052,0.93082,1.50,1.00
2017.03.14 04:48:57.239,0.93056,0.93081,1.00,1.00
2017.03.14 04:48:57.476,0.93053,0.93083,1.00,1.50
2017.03.14 04:48:57.699,0.93056,0.9308,1.00,1.00
2017.03.14 04:48:58.302,0.93054,0.93079,1.00,1.00
2017.03.14 04:48:58.402,0.93051,0.93081,1.00,1.00
2017.03.14 04:48:58.503,0.93051,0.93078,1.00,1.00
2017.03.14 04:48:59.014,0.93052,0.93078,1.00,1.50
2017.03.14 04:49:04.592,0.93052,0.93077,1.00,1.00
2017.03.14 04:49:07.668,0.93054,0.93077,1.00,1.00
2017.03.14 04:49:13.866,0.93052,0.93077,1.00,1.50
2017.03.14 04:49:17.119,0.93052,0.93076,1.00,1.00
2017.03.14 04:49:22.179,0.93053,0.93078,1.00,1.00
2017.03.14 04:49:22.769,0.93053,0.93077,1.00,1.00
2017.03.14 04:49:26.156,0.93051,0.93077,1.00,1.00
2017.03.14 04:49:26.207,0.93051,0.93075,1.00,1.00
2017.03.14 04:49:26.692,0.93053,0.93077,1.00,1.50
2017.03.14 04:49:27.243,0.93054,0.93077,1.00,1.00
2017.03.14 04:49:29.224,0.93053,0.93077,1.00,1.50
2017.03.14 04:49:34.785,0.93055,0.93079,1.00,1.00
2017.03.14 04:49:34.886,0.93058,0.93083,1.00,1.00
2017.03.14 04:49:34.936,0.93061,0.93083,1.00,1.00
2017.03.14 04:49:35.153,0.93061,0.93085,1.00,1.00
2017.03.14 04:49:37.727,0.93061,0.93086,1.00,1.00
2017.03.14 04:49:40.924,0.93061,0.93087,1.00,1.50
2017.03.14 04:49:44.965,0.93059,0.93085,1.00,1.00
2017.03.14 04:49:47.201,0.93061,0.93085,1.00,1.00
2017.03.14 04:49:55.138,0.93061,0.93088,1.00,1.00
2017.03.14 04:49:57.742,0.93062,0.93086,1.00,1.00
2017.03.14 04:49:57.943,0.93062,0.93088,1.00,1.00
2017.03.14 04:49:57.994,0.93062,0.93086,1.00,1.00
2017.03.14 04:50:01.727,0.93061,0.93086,1.00,1.00
2017.03.14 04:50:07.286,0.93061,0.93087,1.00,1.50
2017.03.14 04:50:16.737,0.9306,0.93087,1.00,1.50
2017.03.14 04:50:17.741,0.93061,0.93085,1.00,1.00
2017.03.14 04:50:18.503,0.93059,0.93085,1.00,1.00
2017.03.14 04:50:19.277,0.93058,0.93085,1.00,1.00
2017.03.14 04:50:21.389,0.9306,0.93085,1.00,1.00
2017.03.14 04:50:21.490,0.9306,0.93087,1.00,1.00
2017.03.14 04:50:21.591,0.9306,0.93084,1.00,1.00
2017.03.14 04:50:21.692,0.93061,0.93088,1.00,1.00
2017.03.14 04:50:22.227,0.93061,0.93087,1.00,1.00
2017.03.14 04:50:23.490,0.9306,0.93084,1.00,1.00
2017.03.14 04:50:24.005,0.9306,0.93087,1.00,1.00
2017.03.14 04:50:25.027,0.93062,0.93086,1.00,1.00
2017.03.14 04:50:25.955,0.93063,0.93087,1.00,1.00
2017.03.14 04:50:30.421,0.93062,0.93087,1.00,1.50
2017.03.14 04:50:31.768,0.93062,0.93086,1.00,1.00
2017.03.14 04:50:32.769,0.9306,0.93087,1.00,1.00
2017.03.14 04:50:34.434,0.9306,0.93083,1.00,1.00
2017.03.14 04:50:36.815,0.93062,0.93087,1.00,1.00
2017.03.14 04:50:37.465,0.9306,0.93083,1.00,1.00
2017.03.14 04:50:47.257,0.9306,0.93082,1.00,1.00
2017.03.14 04:50:47.839,0.93059,0.93082,1.00,1.00
2017.03.14 04:50:57.514,0.93061,0.93082,1.00,1.00
2017.03.14 04:50:57.615,0.93061,0.93085,1.00,1.00
2017.03.14 04:51:00.014,0.93061,0.93083,1.00,1.00
2017.03.14 04:51:07.921,0.9306,0.93083,1.00,1.00
2017.03.14 04:51:10.634,0.93062,0.93083,1.00,1.00
2017.03.14 04:51:10.684,0.93062,0.93086,1.00,1.00
2017.03.14 04:51:12.914,0.93062,0.93082,1.00,1.00
2017.03.14 04:51:13.432,0.9306,0.93082,1.00,1.00
2017.03.14 04:51:13.988,0.93059,0.93083,1.00,1.00
2017.03.14 04:51:16.437,0.93058,0.93082,1.00,1.00
2017.03.14 04:51:17.358,0.93059,0.93083,1.00,1.50
2017.03.14 04:51:24.006,0.93059,0.93082,1.00,1.00
2017.03.14 04:51:24.134,0.93057,0.93082,1.00,1.50
2017.03.14 04:51:28.446,0.93058,0.93082,1.00,1.00
2017.03.14 04:51:34.033,0.93056,0.93082,1.00,1.50
2017.03.14 04:51:34.590,0.93057,0.93082,1.00,1.00
2017.03.14 04:51:34.702,0.93058,0.93084,1.00,1.00
2017.03.14 04:51:34.818,0.93058,0.93082,1.00,1.00
2017.03.14 04:51:35.849,0.93054,0.93081,1.00,1.00
2017.03.14 04:51:36.407,0.93053,0.9308,1.50,1.00
2017.03.14 04:51:36.896,0.93055,0.93079,1.00,1.00
2017.03.14 04:51:37.967,0.93053,0.9308,1.50,1.00
2017.03.14 04:51:39.026,0.93053,0.93078,1.00,1.00
2017.03.14 04:51:39.330,0.9305,0.93074,1.00,1.00
2017.03.14 04:51:39.475,0.9305,0.93076,1.00,1.50
2017.03.14 04:51:39.526,0.93053,0.93076,1.00,1.00
2017.03.14 04:51:40.568,0.93053,0.93077,1.50,1.00
2017.03.14 04:51:41.924,0.93051,0.93075,1.00,1.00
2017.03.14 04:51:41.974,0.93049,0.93076,1.00,1.00
2017.03.14 04:51:42.075,0.93049,0.93073,1.00,1.00
2017.03.14 04:51:43.087,0.9305,0.93076,1.00,1.00
2017.03.14 04:51:43.443,0.93048,0.93073,1.50,1.00
2017.03.14 04:51:48.914,0.93047,0.93073,1.00,1.00
2017.03.14 04:51:49.222,0.93047,0.93071,1.00,1.00
2017.03.14 04:51:50.739,0.93049,0.93073,1.00,1.00
2017.03.14 04:51:51.777,0.93048,0.93072,1.00,1.00
2017.03.14 04:51:52.294,0.93047,0.93072,1.00,1.00
2017.03.14 04:51:52.395,0.93045,0.93071,1.00,1.00
2017.03.14 04:51:52.993,0.93047,0.93072,1.00,1.50
2017.03.14 04:51:53.992,0.93047,0.93073,1.00,1.50
2017.03.14 04:51:55.724,0.93047,0.93072,1.00,1.00
2017.03.14 04:51:56.039,0.93045,0.93069,1.00,1.00
2017.03.14 04:51:56.354,0.93045,0.93067,1.00,1.00
2017.03.14 04:51:57.688,0.93037,0.93061,1.00,1.00
2017.03.14 04:51:57.738,0.93035,0.93059,1.00,1.00
2017.03.14 04:51:58.644,0.93035,0.9306,1.00,1.50
2017.03.14 04:52:01.949,0.93036,0.9306,1.00,1.00
2017.03.14 04:52:07.526,0.93035,0.9306,1.00,1.00
2017.03.14 04:52:08.028,0.93035,0.93059,1.00,1.00
2017.03.14 04:52:09.292,0.93037,0.93059,1.00,1.00
2017.03.14 04:52:17.478,0.93037,0.93061,1.00,1.00
2017.03.14 04:52:19.446,0.93035,0.93061,1.00,1.00
2017.03.14 04:52:20.878,0.93035,0.93059,1.00,1.00
2017.03.14 04:52:22.556,0.93034,0.93059,1.00,1.00
2017.03.14 04:52:23.558,0.93035,0.93059,1.00,1.00
2017.03.14 04:52:35.211,0.93035,0.93059,1.60,1.00
2017.03.14 04:52:35.262,0.93035,0.93063,1.60,1.00
2017.03.14 04:52:35.313,0.93043,0.93068,1.00,1.00
2017.03.14 04:52:35.464,0.93038,0.93064,1.00,1.00
2017.03.14 04:52:35.565,0.93036,0.9306,1.00,1.00
2017.03.14 04:52:35.867,0.93038,0.93062,1.00,1.00
2017.03.14 04:52:36.378,0.93038,0.93063,1.00,1.00
2017.03.14 04:52:37.391,0.9304,0.93063,1.00,1.00
2017.03.14 04:52:38.087,0.93038,0.93063,1.00,1.00
2017.03.14 04:52:38.692,0.93038,0.93064,1.00,1.00
2017.03.14 04:52:39.411,0.93042,0.93069,1.00,1.00
2017.03.14 04:52:39.461,0.93045,0.93069,1.00,1.00
2017.03.14 04:52:39.797,0.93047,0.93071,1.00,1.00
2017.03.14 04:52:40.492,0.93047,0.93072,1.00,1.00
2017.03.14 04:52:41.013,0.93048,0.93072,1.00,1.00
2017.03.14 04:52:41.515,0.93047,0.93072,1.00,1.50
2017.03.14 04:52:41.946,0.93049,0.93072,1.00,1.00
2017.03.14 04:52:43.014,0.93049,0.93073,1.00,1.50
2017.03.14 04:52:47.037,0.93048,0.93073,1.00,1.50
2017.03.14 04:52:47.538,0.93047,0.93072,1.50,1.00
2017.03.14 04:53:02.568,0.93048,0.93072,1.00,1.00
2017.03.14 04:53:12.820,0.93047,0.93071,1.00,1.00
2017.03.14 04:53:16.949,0.93049,0.93072,1.00,1.00
2017.03.14 04:53:17.598,0.93049,0.93075,1.00,1.00
2017.03.14 04:53:23.177,0.93049,0.93074,1.00,1.00
2017.03.14 04:53:34.112,0.93049,0.93073,1.00,1.00
2017.03.14 04:53:35.206,0.93048,0.93072,1.00,1.00
2017.03.14 04:53:46.537,0.93047,0.93071,1.00,1.00
2017.03.14 04:53:49.505,0.93048,0.93072,1.00,1.00
2017.03.14 04:53:52.720,0.93048,0.93073,1.00,1.00
2017.03.14 04:53:53.286,0.93049,0.93073,1.00,1.00
2017.03.14 04:54:01.498,0.93049,0.93075,1.00,1.00
2017.03.14 04:54:02.688,0.93049,0.93076,1.00,1.00
2017.03.14 04:54:08.267,0.93051,0.93075,1.00,1.00
2017.03.14 04:54:17.718,0.9305,0.93075,1.00,1.00
2017.03.14 04:54:22.796,0.93051,0.93075,1.00,1.00
2017.03.14 04:54:31.859,0.93049,0.93074,1.00,1.00
2017.03.14 04:54:32.811,0.9305,0.93074,1.00,1.00
2017.03.14 04:54:36.837,0.9305,0.93073,1.00,1.00
2017.03.14 04:54:38.328,0.93048,0.93073,1.00,1.00
2017.03.14 04:54:47.385,0.93049,0.93073,1.00,1.50
2017.03.14 04:54:48.386,0.93047,0.93073,1.00,1.00
2017.03.14 04:54:49.040,0.93048,0.93072,1.00,1.00
2017.03.14 04:54:51.715,0.93048,0.93067,1.00,1.00
2017.03.14 04:54:51.914,0.93048,0.93072,1.00,1.00
2017.03.14 04:54:54.413,0.93048,0.93073,1.00,1.00
2017.03.14 04:54:54.514,0.93048,0.93076,1.00,1.00
2017.03.14 04:54:54.564,0.93052,0.93077,1.00,1.50
2017.03.14 04:54:54.910,0.93052,0.93073,1.00,1.00
2017.03.14 04:54:57.074,0.93051,0.93073,1.00,1.00
2017.03.14 04:54:58.014,0.93051,0.93075,1.00,1.00
2017.03.14 04:54:59.118,0.93051,0.93073,1.00,1.00
2017.03.14 04:54:59.168,0.93049,0.93073,1.00,1.00
2017.03.14 04:55:00.342,0.93049,0.93072,1.00,1.00
2017.03.14 04:55:03.652,0.93048,0.93072,1.00,1.50
2017.03.14 04:55:04.356,0.93047,0.93072,1.00,1.50
2017.03.14 04:55:04.652,0.93045,0.93072,1.00,1.50
2017.03.14 04:55:04.862,0.93047,0.93077,1.00,1.50
2017.03.14 04:55:04.963,0.93051,0.93075,1.00,1.00
2017.03.14 04:55:05.438,0.93048,0.93075,1.00,1.00
2017.03.14 04:55:05.489,0.93047,0.93072,1.00,1.00
2017.03.14 04:55:06.476,0.93047,0.93071,1.00,1.00
2017.03.14 04:55:07.526,0.9304,0.93066,1.00,1.00
2017.03.14 04:55:07.626,0.93045,0.9307,1.00,1.50
2017.03.14 04:55:07.929,0.93034,0.93059,1.00,1.00
2017.03.14 04:55:08.083,0.9303,0.93056,1.00,1.00
2017.03.14 04:55:08.134,0.93024,0.9305,1.00,1.00
2017.03.14 04:55:08.335,0.93027,0.93058,1.00,1.50
2017.03.14 04:55:08.589,0.93031,0.93057,1.00,1.00
2017.03.14 04:55:08.741,0.93031,0.9306,1.00,1.00
2017.03.14 04:55:09.269,0.93032,0.93061,1.00,1.00
2017.03.14 04:55:09.862,0.93032,0.93065,1.00,1.50
2017.03.14 04:55:09.913,0.93035,0.93064,1.00,1.00
2017.03.14 04:55:10.402,0.93038,0.93062,1.00,1.00
2017.03.14 04:55:11.403,0.93038,0.93064,1.00,1.00
2017.03.14 04:55:13.441,0.9304,0.93064,1.00,1.00
2017.03.14 04:55:13.491,0.93041,0.93066,1.00,1.00
2017.03.14 04:55:13.642,0.93039,0.93066,1.00,1.00
2017.03.14 04:55:14.422,0.93039,0.93065,1.00,1.00
2017.03.14 04:55:17.839,0.9304,0.93065,1.00,1.00
2017.03.14 04:55:22.086,0.93038,0.93064,1.50,1.00
2017.03.14 04:55:23.418,0.93039,0.93066,1.00,1.00
2017.03.14 04:55:29.444,0.93043,0.93066,1.00,1.00
2017.03.14 04:55:29.608,0.93039,0.93066,1.00,1.00
2017.03.14 04:55:29.814,0.93043,0.93066,1.00,1.00
2017.03.14 04:55:31.879,0.93043,0.93065,1.00,1.00
2017.03.14 04:55:38.080,0.93044,0.9307,1.00,1.00
2017.03.14 04:55:38.131,0.93049,0.93071,1.00,1.00
2017.03.14 04:55:38.282,0.93058,0.93082,1.00,1.00
2017.03.14 04:55:38.333,0.93063,0.93084,1.00,1.00
2017.03.14 04:55:38.384,0.9306,0.93085,1.00,1.00
2017.03.14 04:55:38.434,0.93056,0.9308,1.00,1.00
2017.03.14 04:55:38.535,0.93056,0.93083,1.00,1.50
2017.03.14 04:55:38.686,0.9306,0.93085,1.00,1.00
2017.03.14 04:55:39.465,0.93061,0.93085,1.00,1.00
2017.03.14 04:55:41.872,0.93062,0.93086,1.00,1.00
2017.03.14 04:55:42.873,0.93062,0.93087,1.00,1.00
2017.03.14 04:55:47.398,0.93061,0.93087,1.00,1.50
2017.03.14 04:55:47.899,0.93061,0.93086,1.00,1.00
2017.03.14 04:55:48.422,0.93061,0.93085,1.00,1.00
2017.03.14 04:55:53.478,0.9306,0.93085,1.00,1.00
2017.03.14 04:56:02.428,0.9306,0.93084,1.00,1.00
2017.03.14 04:56:03.430,0.93059,0.93086,1.00,1.00
2017.03.14 04:56:17.959,0.93061,0.93085,1.00,1.00
2017.03.14 04:56:23.538,0.9306,0.93085,1.00,1.00
2017.03.14 04:56:32.989,0.93061,0.93085,1.00,1.00
2017.03.14 04:56:41.214,0.9306,0.93084,1.00,1.00
2017.03.14 04:56:41.529,0.93058,0.93082,1.00,1.00
2017.03.14 04:56:42.322,0.93059,0.93082,1.00,1.00
2017.03.14 04:56:44.331,0.93058,0.93082,1.00,1.50
2017.03.14 04:56:47.011,0.9306,0.93084,1.00,1.00
2017.03.14 04:56:47.352,0.9306,0.93082,1.00,1.00
2017.03.14 04:56:56.545,0.9306,0.93085,1.00,1.00
2017.03.14 04:56:57.072,0.93059,0.93084,1.00,1.00
2017.03.14 04:57:01.686,0.93057,0.93082,1.00,1.00
2017.03.14 04:57:01.998,0.9305,0.93074,1.00,1.00
2017.03.14 04:57:02.239,0.93048,0.93073,1.00,1.00
2017.03.14 04:57:03.158,0.93047,0.93072,1.00,1.00
2017.03.14 04:57:03.208,0.93049,0.93074,1.00,1.00
2017.03.14 04:57:04.069,0.9305,0.93075,1.00,1.00
2017.03.14 04:57:04.186,0.9305,0.93077,1.00,1.00
2017.03.14 04:57:04.614,0.93051,0.93075,1.00,1.00
2017.03.14 04:57:04.825,0.93045,0.93072,1.00,1.00
2017.03.14 04:57:05.696,0.93046,0.93072,1.00,1.50
2017.03.14 04:57:10.757,0.93049,0.93072,1.00,1.00
2017.03.14 04:57:10.807,0.93049,0.93075,1.00,1.50
2017.03.14 04:57:11.827,0.93049,0.93074,1.00,1.00
2017.03.14 04:57:13.506,0.93049,0.93076,1.00,1.00
2017.03.14 04:57:13.757,0.93052,0.93076,1.00,1.00
2017.03.14 04:57:14.514,0.93049,0.93072,1.00,1.00
2017.03.14 04:57:17.578,0.9305,0.93072,1.00,1.00
2017.03.14 04:57:18.515,0.9305,0.93073,1.00,1.00
2017.03.14 04:57:19.299,0.9305,0.93072,1.00,1.00
2017.03.14 04:57:23.658,0.93051,0.93072,1.00,1.00
2017.03.14 04:57:38.724,0.93049,0.93072,1.00,1.00
2017.03.14 04:57:41.616,0.93049,0.93075,1.00,1.00
2017.03.14 04:57:46.067,0.93048,0.93071,1.00,1.00
2017.03.14 04:57:47.020,0.93048,0.9307,1.00,1.00
2017.03.14 04:57:49.066,0.93048,0.93071,1.00,1.00
2017.03.14 04:57:53.217,0.93048,0.9307,1.00,1.00
2017.03.14 04:57:53.759,0.93048,0.93072,1.00,1.00
2017.03.14 04:58:02.668,0.93048,0.93071,1.00,1.00
2017.03.14 04:58:20.914,0.93044,0.93071,1.00,1.00
2017.03.14 04:58:21.464,0.93044,0.93068,1.00,1.00
2017.03.14 04:58:22.425,0.93042,0.93069,1.00,1.00
2017.03.14 04:58:23.428,0.93043,0.93067,1.00,1.00
2017.03.14 04:58:24.322,0.93042,0.93067,1.00,1.00
2017.03.14 04:58:32.812,0.93044,0.93068,1.00,1.00
2017.03.14 04:58:33.813,0.93043,0.93068,1.00,1.00
2017.03.14 04:58:38.808,0.93044,0.93069,1.00,1.00
2017.03.14 04:58:43.827,0.93044,0.93071,1.00,1.00
2017.03.14 04:58:48.259,0.93043,0.9307,1.00,1.00
2017.03.14 04:58:48.938,0.93042,0.93069,1.00,1.00
2017.03.14 04:58:49.388,0.93044,0.9307,1.00,1.00
2017.03.14 04:58:49.658,0.93042,0.93069,1.00,1.00
2017.03.14 04:58:53.336,0.93043,0.93069,1.00,1.00
2017.03.14 04:58:57.320,0.93044,0.93069,1.00,1.00
2017.03.14 04:58:59.389,0.93046,0.9307,1.00,1.00
2017.03.14 04:59:00.989,0.93043,0.9307,1.00,1.00
2017.03.14 04:59:03.288,0.93044,0.93069,1.00,1.00
2017.03.14 04:59:08.868,0.93043,0.93069,1.00,1.00
2017.03.14 04:59:11.518,0.93045,0.93069,1.00,1.00
2017.03.14 04:59:12.577,0.93046,0.93071,1.00,1.00
2017.03.14 04:59:13.977,0.93047,0.93071,1.00,1.00
2017.03.14 04:59:17.822,0.93047,0.93072,1.00,1.00
2017.03.14 04:59:18.846,0.93046,0.93072,1.00,1.00
2017.03.14 04:59:19.663,0.93045,0.93072,1.00,1.00
2017.03.14 04:59:19.713,0.93045,0.93069,1.00,1.00
2017.03.14 04:59:20.299,0.93044,0.93068,1.00,1.00
2017.03.14 04:59:20.996,0.93043,0.93068,1.00,1.00
2017.03.14 04:59:23.898,0.93042,0.93068,1.50,1.00
2017.03.14 04:59:33.349,0.93043,0.93068,1.00,1.00
2017.03.14 04:59:37.537,0.93044,0.93069,1.00,1.00
2017.03.14 04:59:38.540,0.93045,0.93069,1.00,1.00
2017.03.14 04:59:38.928,0.93043,0.93069,1.50,1.00
2017.03.14 04:59:48.379,0.93045,0.93069,1.00,1.00
