2014.04.07 04:00:01.515,0.94372,0.94395,1.19,1.19
2014.04.07 04:00:03.625,0.94372,0.94394,1.19,1.19
2014.04.07 04:00:05.233,0.94372,0.94395,1.25,1.19
2014.04.07 04:00:06.540,0.94372,0.94392,1.00,1.19
2014.04.07 04:00:07.828,0.94372,0.94392,1.38,1.19
2014.04.07 04:00:08.209,0.94368,0.94392,1.32,1.19
2014.04.07 04:00:08.804,0.94366,0.94391,2.07,1.19
2014.04.07 04:00:09.609,0.94366,0.94391,2.07,1.19
2014.04.07 04:00:10.617,0.94366,0.94392,2.07,1.19
2014.04.07 04:00:11.623,0.94366,0.94391,1.57,1.19
2014.04.07 04:00:12.348,0.94366,0.9439,1.38,1.19
2014.04.07 04:00:12.449,0.94366,0.9439,1.00,1.19
2014.04.07 04:00:12.550,0.94366,0.94386,1.00,1.19
2014.04.07 04:00:12.618,0.94362,0.94386,1.32,1.19
2014.04.07 04:00:13.539,0.94362,0.94386,1.25,1.19
2014.04.07 04:00:14.478,0.94361,0.94384,1.32,1.19
2014.04.07 04:00:15.547,0.94361,0.94385,1.32,1.19
2014.04.07 04:00:16.555,0.94361,0.94385,1.32,1.19
2014.04.07 04:00:17.561,0.94361,0.94384,1.32,1.19
2014.04.07 04:00:18.504,0.94361,0.94384,1.13,1.19
2014.04.07 04:00:19.605,0.94358,0.94385,1.57,1.19
2014.04.07 04:00:21.515,0.9436,0.94386,1.57,1.19
2014.04.07 04:00:23.533,0.94361,0.94387,1.19,1.19
2014.04.07 04:00:25.637,0.94362,0.94388,1.19,1.19
2014.04.07 04:00:26.942,0.94362,0.94388,1.19,1.19
2014.04.07 04:00:29.655,0.94363,0.94389,1.32,1.69
2014.04.07 04:00:30.664,0.94363,0.94387,1.19,1.19
2014.04.07 04:00:31.774,0.94363,0.94386,1.19,1.19
2014.04.07 04:00:32.399,0.94361,0.94386,1.19,1.19
2014.04.07 04:00:32.790,0.94358,0.94384,1.19,1.69
2014.04.07 04:00:33.024,0.94354,0.9438,1.19,1.19
2014.04.07 04:00:34.200,0.94354,0.94378,1.19,1.19
2014.04.07 04:00:36.609,0.94353,0.94379,1.19,1.19
2014.04.07 04:00:37.611,0.94356,0.9438,1.19,1.19
2014.04.07 04:00:40.624,0.94357,0.94381,1.19,1.19
2014.04.07 04:00:45.609,0.94357,0.94381,1.19,1.19
2014.04.07 04:00:48.623,0.94355,0.94381,1.19,1.19
2014.04.07 04:00:49.448,0.94354,0.94378,1.32,1.19
2014.04.07 04:00:50.033,0.94356,0.94381,1.19,1.19
2014.04.07 04:00:51.047,0.94356,0.94382,1.19,1.19
2014.04.07 04:00:52.845,0.94357,0.94381,1.19,1.19
2014.04.07 04:00:53.050,0.94358,0.94384,1.19,1.32
2014.04.07 04:00:54.087,0.94361,0.94384,1.00,1.19
2014.04.07 04:00:55.788,0.94361,0.94384,1.60,1.19
2014.04.07 04:00:55.889,0.94366,0.94386,1.00,1.19
2014.04.07 04:00:56.292,0.94361,0.94384,1.32,1.19
2014.04.07 04:00:57.270,0.94361,0.94384,1.32,1.19
2014.04.07 04:00:58.304,0.94361,0.94384,1.32,1.19
2014.04.07 04:00:59.308,0.94361,0.94383,1.32,1.19
2014.04.07 04:01:00.414,0.94361,0.94385,1.32,1.19
2014.04.07 04:01:01.044,0.94361,0.94387,1.69,1.19
2014.04.07 04:01:01.417,0.94361,0.94384,1.19,1.19
2014.04.07 04:01:01.468,0.94361,0.94387,2.07,1.19
2014.04.07 04:01:01.522,0.94365,0.94389,1.19,1.19
2014.04.07 04:01:02.834,0.94367,0.9439,1.19,1.19
2014.04.07 04:01:03.237,0.94364,0.94388,1.57,1.19
2014.04.07 04:01:05.445,0.94366,0.94391,1.19,1.19
2014.04.07 04:01:06.448,0.94368,0.94392,1.32,1.19
2014.04.07 04:01:07.287,0.94372,0.94392,1.00,1.19
2014.04.07 04:01:07.487,0.94372,0.94394,1.00,1.19
2014.04.07 04:01:08.456,0.94372,0.94395,1.19,1.19
2014.04.07 04:01:09.460,0.94372,0.94395,1.25,1.19
2014.04.07 04:01:09.597,0.94377,0.94395,1.00,1.19
2014.04.07 04:01:09.866,0.94377,0.94399,1.25,1.19
2014.04.07 04:01:10.269,0.94377,0.94401,1.19,1.19
2014.04.07 04:01:11.488,0.94377,0.944,1.25,1.19
2014.04.07 04:01:13.558,0.94382,0.944,1.00,1.19
2014.04.07 04:01:13.608,0.94382,0.94402,1.00,1.19
2014.04.07 04:01:13.805,0.94382,0.94405,1.19,1.19
2014.04.07 04:01:15.512,0.94382,0.94406,1.25,1.19
2014.04.07 04:01:17.520,0.94382,0.94406,1.25,1.19
2014.04.07 04:01:19.633,0.94382,0.94406,1.25,1.19
2014.04.07 04:01:21.342,0.94382,0.94407,1.19,1.19
2014.04.07 04:01:22.349,0.94382,0.94405,1.19,1.19
2014.04.07 04:01:23.553,0.94379,0.94405,1.32,1.19
2014.04.07 04:01:24.572,0.94379,0.94403,1.32,1.19
2014.04.07 04:01:25.576,0.94379,0.94405,1.32,1.19
2014.04.07 04:01:26.580,0.94379,0.94403,1.32,1.19
2014.04.07 04:01:27.586,0.94378,0.94404,1.57,1.19
2014.04.07 04:01:29.595,0.9438,0.94404,1.19,1.19
2014.04.07 04:01:30.600,0.9438,0.94403,1.19,1.19
2014.04.07 04:01:31.604,0.94378,0.94404,1.57,1.19
2014.04.07 04:01:32.911,0.94377,0.94401,2.07,1.19
2014.04.07 04:01:33.796,0.94381,0.94401,1.00,1.19
2014.04.07 04:01:34.619,0.94381,0.94402,1.00,1.19
2014.04.07 04:01:39.574,0.94381,0.94403,1.00,1.19
2014.04.07 04:01:41.584,0.94381,0.94401,1.00,1.19
2014.04.07 04:01:44.134,0.94381,0.94399,1.00,1.19
2014.04.07 04:01:45.103,0.94381,0.944,1.00,1.19
2014.04.07 04:01:46.607,0.94381,0.94399,1.00,1.19
2014.04.07 04:01:49.858,0.94377,0.94399,1.57,1.19
2014.04.07 04:01:50.645,0.94377,0.944,1.63,1.19
2014.04.07 04:01:52.667,0.94377,0.94399,1.57,1.19
2014.04.07 04:01:54.676,0.94377,0.94398,1.63,1.19
2014.04.07 04:01:56.685,0.94377,0.94399,1.38,1.19
2014.04.07 04:01:58.817,0.9438,0.94399,2.48,1.19
2014.04.07 04:01:58.918,0.94386,0.94407,1.00,1.50
2014.04.07 04:01:59.019,0.94386,0.94414,1.19,1.19
2014.04.07 04:01:59.201,0.94386,0.94408,1.00,1.19
2014.04.07 04:01:59.716,0.94386,0.94406,1.00,1.19
2014.04.07 04:02:01.014,0.94386,0.94407,1.25,1.19
2014.04.07 04:02:03.876,0.94382,0.94403,2.48,1.19
2014.04.07 04:02:03.978,0.94382,0.94403,1.88,1.19
2014.04.07 04:02:04.177,0.94378,0.94403,2.07,1.19
2014.04.07 04:02:04.587,0.94376,0.944,1.57,1.19
2014.04.07 04:02:05.613,0.94376,0.944,2.07,1.19
2014.04.07 04:02:06.368,0.94376,0.944,2.07,1.19
2014.04.07 04:02:06.716,0.94374,0.944,1.57,1.32
2014.04.07 04:02:06.818,0.94373,0.94397,2.82,1.19
2014.04.07 04:02:07.148,0.9437,0.94394,1.64,1.19
2014.04.07 04:02:07.668,0.9437,0.94394,1.87,1.19
2014.04.07 04:02:07.819,0.94367,0.94393,2.07,1.19
2014.04.07 04:02:07.881,0.94369,0.94395,1.57,1.32
2014.04.07 04:02:08.607,0.94371,0.94396,1.24,1.57
2014.04.07 04:02:08.991,0.94371,0.94396,1.24,1.19
2014.04.07 04:02:09.092,0.94373,0.94398,1.57,1.19
2014.04.07 04:02:09.897,0.94373,0.94393,1.57,1.00
2014.04.07 04:02:10.316,0.94372,0.94397,1.57,1.19
2014.04.07 04:02:10.829,0.94372,0.94397,1.57,1.19
2014.04.07 04:02:11.902,0.94372,0.94398,1.57,1.69
2014.04.07 04:02:13.107,0.94372,0.94396,1.57,1.19
2014.04.07 04:02:18.043,0.94375,0.94398,1.57,1.19
2014.04.07 04:02:19.047,0.94375,0.94398,1.57,1.19
2014.04.07 04:02:22.358,0.94371,0.94395,1.67,1.19
2014.04.07 04:02:23.364,0.94373,0.94397,1.57,1.19
2014.04.07 04:02:24.368,0.94372,0.94398,1.57,1.69
2014.04.07 04:02:30.487,0.94373,0.94398,1.57,1.19
2014.04.07 04:02:31.490,0.94374,0.94398,1.57,1.69
2014.04.07 04:02:32.495,0.94373,0.94398,1.57,1.19
2014.04.07 04:02:33.378,0.94373,0.94398,1.57,1.19
2014.04.07 04:02:34.066,0.94374,0.94398,1.32,1.69
2014.04.07 04:02:34.716,0.94373,0.94398,1.57,1.19
2014.04.07 04:02:35.421,0.94373,0.94398,1.57,1.19
2014.04.07 04:02:36.574,0.94372,0.94396,1.57,1.19
2014.04.07 04:02:38.449,0.94371,0.94397,1.57,1.19
2014.04.07 04:02:40.166,0.94372,0.94396,1.57,1.19
2014.04.07 04:02:41.155,0.94371,0.94397,1.57,1.19
2014.04.07 04:02:41.756,0.94375,0.94398,1.19,1.19
2014.04.07 04:02:44.771,0.94374,0.94398,1.32,1.19
2014.04.07 04:02:50.799,0.94373,0.94398,1.57,1.25
2014.04.07 04:02:51.802,0.94375,0.94398,1.57,1.19
2014.04.07 04:02:58.854,0.94373,0.94398,1.57,1.19
2014.04.07 04:02:59.984,0.94371,0.94395,1.57,1.19
2014.04.07 04:03:02.873,0.94371,0.94397,1.57,1.19
2014.04.07 04:03:07.131,0.94372,0.94398,1.57,1.69
2014.04.07 04:03:07.893,0.94373,0.94397,1.57,1.19
2014.04.07 04:03:09.907,0.94374,0.94398,1.57,1.69
2014.04.07 04:03:13.035,0.94373,0.94399,1.57,1.19
2014.04.07 04:03:14.140,0.94374,0.94398,1.57,1.19
2014.04.07 04:03:16.487,0.94378,0.94404,1.19,2.44
2014.04.07 04:03:16.956,0.94381,0.94405,1.69,1.19
2014.04.07 04:03:17.258,0.94384,0.94408,1.57,1.19
2014.04.07 04:03:17.833,0.94387,0.94413,1.19,2.44
2014.04.07 04:03:18.461,0.94388,0.94412,1.19,1.94
2014.04.07 04:03:19.068,0.94388,0.94412,1.19,1.19
2014.04.07 04:03:19.415,0.94388,0.94408,1.19,1.00
2014.04.07 04:03:19.466,0.94385,0.94408,1.32,1.19
2014.04.07 04:03:19.567,0.94382,0.94406,1.19,1.19
2014.04.07 04:03:19.668,0.94384,0.9441,1.19,1.19
2014.04.07 04:03:20.472,0.94386,0.94412,1.19,1.19
2014.04.07 04:03:21.044,0.94386,0.94408,1.19,1.00
2014.04.07 04:03:21.195,0.94383,0.94408,1.19,1.57
2014.04.07 04:03:21.385,0.94379,0.94405,1.57,1.19
2014.04.07 04:03:25.320,0.9438,0.94404,1.32,1.19
2014.04.07 04:03:26.323,0.94379,0.94405,1.57,1.19
2014.04.07 04:03:28.634,0.94382,0.94405,1.00,1.19
2014.04.07 04:03:29.337,0.94382,0.94405,1.25,1.19
2014.04.07 04:03:31.347,0.94382,0.94405,1.19,1.19
2014.04.07 04:03:33.357,0.94379,0.94405,1.57,1.19
2014.04.07 04:03:34.362,0.94381,0.94405,1.19,1.19
2014.04.07 04:03:37.376,0.9438,0.94404,1.57,1.19
2014.04.07 04:03:38.382,0.9438,0.94404,1.57,1.19
2014.04.07 04:03:39.412,0.94379,0.94405,1.57,1.19
2014.04.07 04:03:41.418,0.9438,0.94404,1.57,1.19
2014.04.07 04:03:47.440,0.94379,0.94405,1.57,1.19
2014.04.07 04:03:48.445,0.9438,0.94404,1.32,1.19
2014.04.07 04:03:53.469,0.94379,0.94405,1.57,1.19
2014.04.07 04:03:55.478,0.94379,0.94403,1.57,1.19
2014.04.07 04:03:56.513,0.94381,0.94402,1.25,1.19
2014.04.07 04:03:57.517,0.94381,0.94404,1.19,1.19
2014.04.07 04:03:59.474,0.94372,0.944,1.50,1.19
2014.04.07 04:03:59.525,0.94372,0.944,1.13,1.19
2014.04.07 04:03:59.576,0.94372,0.94397,1.32,1.19
2014.04.07 04:03:59.894,0.94371,0.94395,1.19,1.19
2014.04.07 04:04:01.638,0.94371,0.94394,1.69,1.19
2014.04.07 04:04:04.676,0.94364,0.9439,2.82,1.19
2014.04.07 04:04:05.754,0.94364,0.94389,1.69,1.19
2014.04.07 04:04:07.059,0.94365,0.94389,1.19,1.19
2014.04.07 04:04:08.163,0.94364,0.94389,1.69,1.19
2014.04.07 04:04:11.674,0.94364,0.9439,2.44,1.19
2014.04.07 04:04:14.705,0.94365,0.94389,1.19,1.19
2014.04.07 04:04:18.720,0.94367,0.94389,1.25,1.19
2014.04.07 04:04:21.736,0.94367,0.94389,1.00,1.19
2014.04.07 04:04:22.444,0.94367,0.94391,1.19,1.19
2014.04.07 04:04:23.105,0.94371,0.94391,1.00,1.19
2014.04.07 04:04:23.256,0.94371,0.94394,1.00,1.19
2014.04.07 04:04:23.746,0.94371,0.94396,1.19,1.19
2014.04.07 04:04:24.749,0.94371,0.94395,1.69,1.19
2014.04.07 04:04:28.797,0.94374,0.944,1.19,2.44
2014.04.07 04:04:28.863,0.94372,0.94397,1.19,1.19
2014.04.07 04:04:30.170,0.94371,0.94397,2.44,1.19
2014.04.07 04:04:31.806,0.94373,0.94397,1.19,1.19
2014.04.07 04:04:37.829,0.94371,0.94397,2.07,1.19
2014.04.07 04:04:38.834,0.94373,0.94397,1.19,1.19
2014.04.07 04:04:51.905,0.94373,0.94398,1.19,1.69
2014.04.07 04:04:54.823,0.94374,0.94398,1.19,2.44
2014.04.07 04:04:55.636,0.94371,0.94395,2.07,1.19
2014.04.07 04:04:56.633,0.94371,0.94397,2.07,1.19
2014.04.07 04:04:58.645,0.94371,0.94397,2.07,1.19
2014.04.07 04:04:59.651,0.94372,0.94398,1.32,2.44
2014.04.07 04:05:01.661,0.94371,0.94397,2.07,1.19
2014.04.07 04:05:03.780,0.94371,0.94397,1.69,1.19
2014.04.07 04:05:04.683,0.94371,0.94396,1.19,1.19
2014.04.07 04:05:05.690,0.94372,0.94395,1.19,1.19
2014.04.07 04:05:07.698,0.94371,0.94395,1.69,1.19
2014.04.07 04:05:08.703,0.94371,0.94395,1.69,1.19
2014.04.07 04:05:09.708,0.94371,0.94396,1.19,1.19
2014.04.07 04:05:11.715,0.94371,0.94395,1.69,1.19
2014.04.07 04:05:12.721,0.94373,0.94397,1.19,1.19
2014.04.07 04:05:18.774,0.94372,0.94398,1.19,2.44
2014.04.07 04:05:19.779,0.94373,0.94397,1.19,1.19
2014.04.07 04:05:23.796,0.94373,0.94397,1.19,1.19
2014.04.07 04:05:25.164,0.94376,0.94397,1.00,1.19
2014.04.07 04:05:26.493,0.94373,0.94397,1.19,1.19
2014.04.07 04:05:26.914,0.94372,0.94395,1.25,1.19
2014.04.07 04:05:27.916,0.94372,0.94394,1.19,1.19
2014.04.07 04:05:32.935,0.94372,0.94397,1.19,1.19
2014.04.07 04:05:33.940,0.94372,0.94397,1.19,1.19
2014.04.07 04:05:34.972,0.94372,0.94396,1.69,1.19
2014.04.07 04:05:42.011,0.94372,0.94398,1.19,1.19
2014.04.07 04:05:44.021,0.94372,0.94397,1.69,1.19
2014.04.07 04:05:45.227,0.94374,0.94398,1.57,1.19
2014.04.07 04:05:47.030,0.94373,0.94399,1.57,1.19
2014.04.07 04:05:48.520,0.94373,0.94399,1.57,1.19
2014.04.07 04:05:48.922,0.94373,0.94399,1.32,1.19
2014.04.07 04:05:49.618,0.94373,0.94398,1.19,1.19
2014.04.07 04:05:50.041,0.94372,0.94397,1.69,1.19
2014.04.07 04:05:51.973,0.94372,0.94397,1.19,1.19
2014.04.07 04:05:52.977,0.94372,0.94397,1.69,1.19
2014.04.07 04:05:58.093,0.94372,0.94398,1.19,1.19
2014.04.07 04:05:59.096,0.94372,0.94397,1.69,1.19
2014.04.07 04:05:59.865,0.94372,0.94397,2.07,1.19
2014.04.07 04:06:00.922,0.94372,0.94397,1.69,1.19
2014.04.07 04:06:02.615,0.94373,0.94397,1.19,1.19
2014.04.07 04:06:04.119,0.94372,0.94397,1.19,1.19
2014.04.07 04:06:05.123,0.94372,0.94398,1.19,1.19
2014.04.07 04:06:06.128,0.94372,0.94397,1.69,1.19
2014.04.07 04:06:15.180,0.94372,0.94398,1.19,1.19
2014.04.07 04:06:19.192,0.94372,0.94396,1.69,1.19
2014.04.07 04:06:21.302,0.94372,0.94397,1.19,1.19
2014.04.07 04:06:26.221,0.9437,0.94396,1.19,1.19
2014.04.07 04:06:27.558,0.94371,0.94397,1.19,1.19
2014.04.07 04:06:29.162,0.94372,0.94396,1.19,1.19
2014.04.07 04:06:31.170,0.94372,0.94397,1.19,1.19
2014.04.07 04:06:36.199,0.94369,0.94395,1.57,1.19
2014.04.07 04:06:37.204,0.94371,0.94395,1.19,1.19
2014.04.07 04:06:39.114,0.9437,0.94396,1.19,1.19
2014.04.07 04:06:40.273,0.94369,0.94395,1.19,1.19
2014.04.07 04:06:41.123,0.94369,0.94395,1.19,1.19
2014.04.07 04:06:44.155,0.94371,0.94395,1.19,1.19
2014.04.07 04:06:46.161,0.94372,0.94396,1.19,1.19
2014.04.07 04:06:49.171,0.94373,0.94397,1.32,1.19
2014.04.07 04:06:59.574,0.94372,0.94398,1.19,1.19
2014.04.07 04:07:05.170,0.94366,0.94395,2.82,1.19
2014.04.07 04:07:06.176,0.94369,0.94395,1.19,1.19
2014.04.07 04:07:09.199,0.94369,0.94396,1.19,1.19
2014.04.07 04:07:10.195,0.94371,0.94396,1.19,1.19
2014.04.07 04:07:14.235,0.94371,0.94397,1.19,1.19
2014.04.07 04:07:15.340,0.94371,0.94396,1.19,1.19
2014.04.07 04:07:18.253,0.9437,0.94397,1.19,1.19
2014.04.07 04:07:20.259,0.94372,0.94397,1.57,1.19
2014.04.07 04:07:25.285,0.94372,0.94398,1.19,1.19
2014.04.07 04:07:27.292,0.94372,0.94398,1.19,1.19
2014.04.07 04:07:29.299,0.94372,0.94398,1.19,1.19
2014.04.07 04:07:30.423,0.94372,0.94398,1.19,1.19
2014.04.07 04:07:31.225,0.94372,0.94398,1.19,1.19
2014.04.07 04:07:37.352,0.94372,0.94398,1.19,1.19
2014.04.07 04:07:38.354,0.94374,0.94398,1.19,1.19
2014.04.07 04:07:39.358,0.94372,0.94398,1.19,1.19
2014.04.07 04:07:40.364,0.94372,0.94398,1.19,1.19
2014.04.07 04:07:41.900,0.94372,0.94394,1.25,1.19
2014.04.07 04:07:42.878,0.94372,0.94395,1.19,1.19
2014.04.07 04:07:45.891,0.94372,0.94396,1.69,1.19
2014.04.07 04:07:54.952,0.94372,0.94398,1.69,1.19
2014.04.07 04:07:56.961,0.94373,0.94397,1.19,1.19
2014.04.07 04:07:59.303,0.94372,0.94395,1.25,1.19
2014.04.07 04:08:00.203,0.94372,0.94396,1.69,1.19
2014.04.07 04:08:01.208,0.94373,0.94397,1.19,1.19
2014.04.07 04:08:05.227,0.94374,0.94398,1.19,1.19
2014.04.07 04:08:06.235,0.94372,0.94398,1.69,1.19
2014.04.07 04:08:16.307,0.94373,0.94397,1.19,1.19
2014.04.07 04:08:19.317,0.94373,0.94399,1.19,1.19
2014.04.07 04:08:26.144,0.94373,0.94397,1.19,1.19
2014.04.07 04:08:30.292,0.94374,0.94398,1.19,1.19
2014.04.07 04:08:36.612,0.94373,0.94397,1.19,1.19
2014.04.07 04:08:40.226,0.94372,0.94398,1.69,1.19
2014.04.07 04:08:41.635,0.94373,0.94397,1.19,1.19
2014.04.07 04:08:45.602,0.94368,0.94397,1.19,1.19
2014.04.07 04:08:46.505,0.94371,0.94395,1.19,1.19
2014.04.07 04:08:47.511,0.94371,0.94397,1.19,1.19
2014.04.07 04:08:49.522,0.94372,0.94398,1.19,1.19
2014.04.07 04:08:57.557,0.94372,0.94398,1.19,1.19
2014.04.07 04:08:58.161,0.94369,0.94395,1.19,1.19
2014.04.07 04:08:59.167,0.94369,0.94395,1.19,1.19
2014.04.07 04:09:00.195,0.9437,0.94396,1.19,1.19
2014.04.07 04:09:04.009,0.94372,0.94396,1.19,1.19
2014.04.07 04:09:04.413,0.94369,0.94393,1.19,1.19
2014.04.07 04:09:05.420,0.9437,0.94394,1.19,1.19
2014.04.07 04:09:06.424,0.94369,0.94395,1.19,1.19
2014.04.07 04:09:08.245,0.94371,0.94395,1.19,1.19
2014.04.07 04:09:09.232,0.94371,0.94395,1.19,1.19
2014.04.07 04:09:10.339,0.94371,0.94395,1.19,1.19
2014.04.07 04:09:11.148,0.94373,0.94399,1.19,1.69
2014.04.07 04:09:11.448,0.94369,0.94396,1.19,1.19
2014.04.07 04:09:12.455,0.94371,0.94396,1.19,1.19
2014.04.07 04:09:13.430,0.94371,0.94396,1.19,1.19
2014.04.07 04:09:16.403,0.94371,0.94396,1.19,1.19
2014.04.07 04:09:21.422,0.94372,0.94396,1.19,1.19
2014.04.07 04:09:21.741,0.94366,0.94393,2.44,1.19
2014.04.07 04:09:21.841,0.94368,0.94394,1.19,2.44
2014.04.07 04:09:23.735,0.94367,0.94393,1.19,1.19
2014.04.07 04:09:27.782,0.94368,0.94394,1.19,1.19
2014.04.07 04:09:28.785,0.9437,0.94394,1.19,1.19
2014.04.07 04:09:32.801,0.9437,0.94394,1.19,1.32
2014.04.07 04:09:36.009,0.94367,0.9439,1.25,1.19
2014.04.07 04:09:36.914,0.94367,0.94391,1.69,1.19
2014.04.07 04:09:37.920,0.94367,0.94392,1.19,1.19
2014.04.07 04:09:38.925,0.94368,0.94392,1.19,1.19
2014.04.07 04:09:40.932,0.94367,0.94393,1.69,1.19
2014.04.07 04:09:42.942,0.94368,0.94394,1.19,1.19
2014.04.07 04:09:44.470,0.94367,0.9439,1.19,1.19
2014.04.07 04:09:46.381,0.94367,0.94391,1.69,1.19
2014.04.07 04:09:52.406,0.94369,0.94393,1.19,1.19
2014.04.07 04:09:54.315,0.94369,0.94395,1.19,1.32
2014.04.07 04:09:56.526,0.94368,0.94394,1.19,2.07
2014.04.07 04:09:56.831,0.94366,0.94392,1.19,1.19
2014.04.07 04:09:59.765,0.94367,0.94391,1.19,1.19
2014.04.07 04:10:02.777,0.94365,0.94391,1.19,1.19
2014.04.07 04:10:03.881,0.94367,0.94392,1.19,1.19
2014.04.07 04:10:04.884,0.94368,0.94392,1.19,1.19
2014.04.07 04:10:07.802,0.94367,0.94391,1.19,1.19
2014.04.07 04:10:08.806,0.94367,0.94391,1.19,1.19
2014.04.07 04:10:11.921,0.94366,0.94392,1.19,1.19
2014.04.07 04:10:16.855,0.94368,0.94394,1.19,1.69
2014.04.07 04:10:22.371,0.94364,0.9439,1.19,1.19
2014.04.07 04:10:23.420,0.94367,0.94392,1.19,1.19
2014.04.07 04:10:31.611,0.94367,0.94392,1.19,1.19
2014.04.07 04:10:33.215,0.94367,0.94391,1.69,1.19
2014.04.07 04:10:36.648,0.94367,0.94393,1.69,1.19
2014.04.07 04:10:37.453,0.94367,0.94391,1.25,1.19
2014.04.07 04:10:39.459,0.94367,0.94391,1.69,1.19
2014.04.07 04:10:42.469,0.94367,0.94391,1.69,1.19
2014.04.07 04:10:46.680,0.94371,0.94391,1.00,1.19
2014.04.07 04:10:47.088,0.94371,0.94394,1.25,1.19
2014.04.07 04:10:51.103,0.94371,0.94395,1.19,1.19
2014.04.07 04:11:05.184,0.94371,0.94393,1.19,1.19
2014.04.07 04:11:05.687,0.94371,0.94395,1.69,1.19
2014.04.07 04:11:06.289,0.94369,0.94392,1.19,1.19
2014.04.07 04:11:06.934,0.94363,0.94388,2.44,1.19
2014.04.07 04:11:07.035,0.94365,0.94391,1.19,1.19
2014.04.07 04:11:08.602,0.94364,0.9439,2.44,1.69
2014.04.07 04:11:09.910,0.94366,0.94392,1.19,1.32
2014.04.07 04:11:10.913,0.94367,0.94391,1.19,1.19
2014.04.07 04:11:11.917,0.94366,0.9439,1.19,1.19
2014.04.07 04:11:16.975,0.94366,0.94392,1.19,1.19
2014.04.07 04:11:17.958,0.94368,0.94393,1.19,1.19
2014.04.07 04:11:18.962,0.94368,0.94392,1.19,1.19
2014.04.07 04:11:25.092,0.94367,0.94393,1.19,1.19
2014.04.07 04:11:25.729,0.94368,0.94392,1.19,1.19
2014.04.07 04:11:26.700,0.94368,0.94393,1.19,1.19
2014.04.07 04:11:27.805,0.94368,0.94393,1.19,1.19
2014.04.07 04:11:30.274,0.94366,0.94392,1.19,1.19
2014.04.07 04:11:31.077,0.94365,0.9439,2.44,1.19
2014.04.07 04:11:32.050,0.94366,0.9439,1.19,1.19
2014.04.07 04:11:34.055,0.94365,0.94389,2.44,1.19
2014.04.07 04:11:40.072,0.94365,0.94391,2.44,1.19
2014.04.07 04:11:43.081,0.94367,0.94393,1.19,1.19
2014.04.07 04:11:44.186,0.94368,0.94393,1.19,1.19
2014.04.07 04:11:45.189,0.94368,0.94392,1.19,1.19
2014.04.07 04:11:47.195,0.94367,0.94394,1.19,1.69
2014.04.07 04:11:49.100,0.94367,0.94393,1.19,1.19
2014.04.07 04:11:50.206,0.94368,0.94392,1.19,1.19
2014.04.07 04:11:52.213,0.94368,0.94392,1.19,1.19
2014.04.07 04:12:06.192,0.94366,0.94392,1.19,1.19
2014.04.07 04:12:08.199,0.94368,0.94392,1.19,1.19
2014.04.07 04:12:10.309,0.94367,0.94393,1.19,1.19
2014.04.07 04:12:11.212,0.94368,0.94392,1.19,1.19
2014.04.07 04:12:12.214,0.94366,0.94393,1.19,1.19
2014.04.07 04:12:13.549,0.94368,0.94392,1.19,1.19
2014.04.07 04:12:18.797,0.94366,0.94393,1.19,1.19
2014.04.07 04:12:20.164,0.94368,0.94392,1.19,1.19
2014.04.07 04:12:22.270,0.94368,0.94392,1.19,1.19
2014.04.07 04:12:25.278,0.94367,0.94393,1.19,1.19
2014.04.07 04:12:26.282,0.94367,0.94393,1.19,1.19
2014.04.07 04:12:27.286,0.94368,0.94392,1.19,1.19
2014.04.07 04:12:34.314,0.94369,0.94392,1.19,1.19
2014.04.07 04:12:37.560,0.94368,0.94392,1.19,1.19
2014.04.07 04:12:39.058,0.94367,0.94393,1.19,1.19
2014.04.07 04:12:46.483,0.94367,0.94392,1.19,1.19
2014.04.07 04:13:02.473,0.94367,0.94391,1.19,1.19
2014.04.07 04:13:03.479,0.94367,0.94393,1.19,1.19
2014.04.07 04:13:06.495,0.94367,0.94394,1.19,2.07
2014.04.07 04:13:08.505,0.94369,0.94395,1.19,1.19
2014.04.07 04:13:10.513,0.94368,0.94394,1.19,1.19
2014.04.07 04:13:11.516,0.9437,0.94394,1.19,1.19
2014.04.07 04:13:14.529,0.9437,0.94394,1.19,1.19
2014.04.07 04:13:18.518,0.94368,0.94393,1.19,1.19
2014.04.07 04:13:23.541,0.94367,0.94394,1.69,1.19
2014.04.07 04:13:25.506,0.94371,0.94394,1.00,1.19
2014.04.07 04:13:27.551,0.94371,0.94393,1.25,1.19
2014.04.07 04:13:28.255,0.94371,0.94396,1.19,1.19
2014.04.07 04:13:28.660,0.94367,0.94394,1.69,1.19
2014.04.07 04:13:29.665,0.9437,0.94394,1.19,1.19
2014.04.07 04:13:35.800,0.94368,0.94395,1.19,1.19
2014.04.07 04:13:37.709,0.9437,0.94397,1.19,1.19
2014.04.07 04:13:38.713,0.94371,0.94396,1.19,1.19
2014.04.07 04:13:44.643,0.94371,0.94394,1.00,1.19
2014.04.07 04:13:45.086,0.94367,0.94394,1.69,1.19
2014.04.07 04:13:45.656,0.94369,0.94394,1.19,1.19
2014.04.07 04:13:46.644,0.94368,0.94395,1.19,1.19
2014.04.07 04:13:48.658,0.9437,0.94395,1.19,1.19
2014.04.07 04:13:50.671,0.94369,0.94396,1.19,1.19
2014.04.07 04:13:53.681,0.9437,0.94397,1.19,1.19
2014.04.07 04:13:55.691,0.94369,0.94396,1.19,1.19
2014.04.07 04:13:56.698,0.94369,0.94394,1.19,1.19
2014.04.07 04:13:57.747,0.94369,0.94396,1.19,1.19
2014.04.07 04:13:58.931,0.94369,0.94394,1.19,1.19
2014.04.07 04:14:00.754,0.9437,0.94395,1.19,1.19
2014.04.07 04:14:01.746,0.9437,0.94397,1.19,1.19
2014.04.07 04:14:04.754,0.94369,0.94396,1.19,1.19
2014.04.07 04:14:06.784,0.9437,0.94397,1.19,1.19
2014.04.07 04:14:19.840,0.94371,0.94396,1.19,1.19
2014.04.07 04:14:21.852,0.94371,0.94395,1.19,1.19
2014.04.07 04:14:23.863,0.94371,0.94396,1.69,1.19
2014.04.07 04:14:25.871,0.9437,0.94395,1.19,1.19
2014.04.07 04:14:27.877,0.94371,0.94396,1.19,1.19
2014.04.07 04:14:32.793,0.94369,0.94394,1.19,1.19
2014.04.07 04:14:33.796,0.94369,0.94396,1.19,1.19
2014.04.07 04:14:36.829,0.94371,0.94395,1.19,1.19
2014.04.07 04:14:37.833,0.94371,0.94395,1.19,1.19
2014.04.07 04:14:38.836,0.94371,0.94395,1.19,1.19
2014.04.07 04:14:38.987,0.94371,0.94397,1.19,1.19
2014.04.07 04:14:41.950,0.94371,0.94395,1.69,1.19
2014.04.07 04:14:43.357,0.94371,0.94397,1.19,1.19
2014.04.07 04:14:44.466,0.94371,0.94396,1.69,1.19
2014.04.07 04:14:45.471,0.94371,0.94394,1.19,1.19
2014.04.07 04:14:48.884,0.94371,0.94395,1.69,1.19
2014.04.07 04:14:50.422,0.94373,0.94397,1.19,1.19
2014.04.07 04:14:51.426,0.94371,0.94397,1.69,1.19
2014.04.07 04:14:53.434,0.94371,0.94397,1.69,1.19
2014.04.07 04:14:54.439,0.94371,0.94394,1.25,1.19
2014.04.07 04:14:55.442,0.94371,0.94394,1.19,1.19
2014.04.07 04:14:56.446,0.94371,0.94396,1.19,1.19
2014.04.07 04:14:59.455,0.94371,0.94395,1.69,1.19
2014.04.07 04:15:00.459,0.94371,0.94397,1.69,1.19
2014.04.07 04:15:05.486,0.94371,0.94396,1.69,1.19
2014.04.07 04:15:06.820,0.94371,0.94394,1.25,1.19
2014.04.07 04:15:07.625,0.94371,0.94395,1.19,1.19
2014.04.07 04:15:08.631,0.94371,0.94395,1.25,1.19
2014.04.07 04:15:10.638,0.94371,0.94395,1.19,1.19
2014.04.07 04:15:12.649,0.94371,0.94394,1.19,1.19
2014.04.07 04:15:14.659,0.94371,0.94395,1.19,1.19
2014.04.07 04:15:15.664,0.94371,0.94395,1.25,1.19
2014.04.07 04:15:20.683,0.94371,0.94394,1.00,1.19
2014.04.07 04:15:23.725,0.94371,0.94395,1.25,1.19
2014.04.07 04:15:24.730,0.94371,0.94394,1.19,1.19
2014.04.07 04:15:25.741,0.94367,0.94393,1.32,1.19
2014.04.07 04:15:26.747,0.94367,0.94393,1.32,1.19
2014.04.07 04:15:27.753,0.94367,0.94393,1.32,1.19
2014.04.07 04:15:32.774,0.94368,0.94392,1.19,1.19
2014.04.07 04:15:34.781,0.94367,0.94393,1.32,1.19
2014.04.07 04:15:37.816,0.94368,0.94394,1.19,1.19
2014.04.07 04:15:38.822,0.94368,0.94394,1.19,1.19
2014.04.07 04:15:40.829,0.94368,0.94394,1.19,1.19
2014.04.07 04:15:43.839,0.94369,0.94393,1.19,1.19
2014.04.07 04:15:47.862,0.94369,0.94395,1.19,1.19
2014.04.07 04:15:54.824,0.94372,0.94394,1.19,1.19
2014.04.07 04:15:55.830,0.94372,0.94395,1.25,1.19
2014.04.07 04:15:58.840,0.94372,0.94394,1.25,1.19
2014.04.07 04:15:59.647,0.94372,0.94393,1.00,1.19
2014.04.07 04:16:00.148,0.94372,0.94396,1.00,1.19
2014.04.07 04:16:01.152,0.94372,0.94394,1.25,1.19
2014.04.07 04:16:02.159,0.94372,0.94395,1.25,1.19
2014.04.07 04:16:06.182,0.94369,0.94393,1.19,1.19
2014.04.07 04:16:12.227,0.94369,0.94395,1.19,1.19
2014.04.07 04:16:13.231,0.9437,0.94394,1.19,1.19
2014.04.07 04:16:14.264,0.9437,0.94394,1.19,1.19
2014.04.07 04:16:15.241,0.94371,0.94395,1.19,1.19
2014.04.07 04:16:16.245,0.9437,0.94395,1.19,1.19
2014.04.07 04:16:18.259,0.9437,0.94396,1.19,1.19
2014.04.07 04:16:21.275,0.94371,0.94395,1.19,1.19
2014.04.07 04:16:26.333,0.9437,0.94396,1.32,1.19
2014.04.07 04:16:30.350,0.9437,0.94396,1.19,1.19
2014.04.07 04:16:31.355,0.94371,0.94396,1.19,1.19
2014.04.07 04:16:36.374,0.94371,0.94397,1.19,1.19
2014.04.07 04:16:36.504,0.94371,0.94394,1.00,1.19
2014.04.07 04:16:38.214,0.94371,0.94395,1.19,1.19
2014.04.07 04:16:41.226,0.94371,0.94395,1.69,1.19
2014.04.07 04:16:42.333,0.94371,0.94396,1.19,1.19
2014.04.07 04:16:52.673,0.94371,0.94394,1.00,1.19
2014.04.07 04:16:53.678,0.94371,0.94396,1.00,1.19
2014.04.07 04:17:01.743,0.94371,0.94396,1.19,1.19
2014.04.07 04:17:04.757,0.94373,0.94397,1.19,1.19
2014.04.07 04:17:08.678,0.94373,0.94397,1.19,1.19
2014.04.07 04:17:08.880,0.94372,0.94395,1.69,1.19
2014.04.07 04:17:09.546,0.94373,0.94395,1.50,1.19
2014.04.07 04:17:10.149,0.94373,0.94396,1.69,1.19
2014.04.07 04:17:11.021,0.94373,0.94395,1.69,1.19
2014.04.07 04:17:11.929,0.94373,0.94394,1.50,1.19
2014.04.07 04:17:12.935,0.94373,0.94395,1.50,1.19
2014.04.07 04:17:13.937,0.94373,0.94395,1.69,1.19
2014.04.07 04:17:15.044,0.94373,0.94396,1.69,1.19
2014.04.07 04:17:22.228,0.94373,0.94397,2.44,1.19
2014.04.07 04:17:23.436,0.94373,0.94394,1.69,1.19
2014.04.07 04:17:24.443,0.94373,0.94396,1.69,1.19
2014.04.07 04:17:25.451,0.94373,0.94396,1.69,1.19
2014.04.07 04:17:26.455,0.94373,0.94398,1.69,1.19
2014.04.07 04:17:31.384,0.94373,0.94397,2.44,1.19
2014.04.07 04:17:32.391,0.94373,0.94398,1.69,1.19
2014.04.07 04:17:33.728,0.94373,0.94396,1.69,1.19
2014.04.07 04:17:37.449,0.94373,0.94398,1.69,1.19
2014.04.07 04:17:38.452,0.94374,0.94398,1.19,1.19
2014.04.07 04:17:41.568,0.94373,0.94399,2.44,1.19
2014.04.07 04:17:52.525,0.94373,0.94398,1.69,1.19
2014.04.07 04:17:55.636,0.94373,0.94397,2.82,1.19
2014.04.07 04:18:12.620,0.94373,0.94399,1.69,1.19
2014.04.07 04:18:15.629,0.94374,0.94398,1.19,1.19
2014.04.07 04:18:16.632,0.94373,0.94399,2.44,1.19
2014.04.07 04:18:18.641,0.94374,0.94398,1.19,1.19
2014.04.07 04:18:20.650,0.94373,0.94397,2.44,1.19
2014.04.07 04:18:23.661,0.94373,0.94398,1.69,1.19
2014.04.07 04:18:27.679,0.94374,0.94398,1.19,1.19
2014.04.07 04:18:28.683,0.94374,0.944,1.19,1.32
2014.04.07 04:18:29.910,0.94375,0.94399,1.19,1.19
2014.04.07 04:18:30.713,0.94373,0.94399,2.44,1.19
2014.04.07 04:18:31.733,0.94373,0.94399,2.44,1.19
2014.04.07 04:18:32.773,0.94374,0.94398,1.19,1.19
2014.04.07 04:18:33.723,0.94373,0.94398,2.07,1.19
2014.04.07 04:18:40.661,0.94373,0.94395,1.50,1.19
2014.04.07 04:18:41.703,0.94373,0.94395,1.50,1.19
2014.04.07 04:18:41.767,0.94373,0.94398,1.69,1.19
2014.04.07 04:18:42.777,0.94373,0.94397,1.69,1.19
2014.04.07 04:18:43.810,0.94373,0.94399,1.69,1.19
2014.04.07 04:18:44.713,0.94373,0.94399,1.69,1.19
2014.04.07 04:18:47.724,0.94373,0.94398,2.44,1.19
2014.04.07 04:18:49.832,0.94373,0.94399,1.69,1.19
2014.04.07 04:18:51.838,0.94373,0.94398,2.44,1.19
2014.04.07 04:18:55.753,0.94373,0.94399,2.44,1.19
2014.04.07 04:19:18.853,0.94374,0.944,1.19,1.32
2014.04.07 04:19:19.959,0.94373,0.94399,2.44,1.19
2014.04.07 04:19:26.273,0.94374,0.94398,1.19,1.19
2014.04.07 04:19:27.162,0.9437,0.94394,1.69,1.19
2014.04.07 04:19:29.021,0.94371,0.94395,1.69,1.19
2014.04.07 04:19:32.039,0.94372,0.94398,2.44,1.19
2014.04.07 04:19:33.146,0.94373,0.94397,1.32,1.19
2014.04.07 04:19:35.055,0.94373,0.94397,1.32,1.19
2014.04.07 04:19:37.994,0.94373,0.94399,1.32,1.19
2014.04.07 04:19:42.009,0.94374,0.944,1.19,1.32
2014.04.07 04:19:43.012,0.94375,0.944,1.19,1.32
2014.04.07 04:19:44.023,0.94375,0.94399,1.19,1.19
2014.04.07 04:19:45.226,0.94372,0.94397,2.07,1.19
2014.04.07 04:19:47.135,0.94373,0.94397,1.32,1.19
2014.04.07 04:19:48.142,0.94372,0.94398,2.82,1.19
2014.04.07 04:19:50.151,0.94372,0.94398,2.44,1.19
2014.04.07 04:19:52.193,0.94373,0.944,1.19,1.19
2014.04.07 04:19:53.199,0.94373,0.94398,1.19,1.19
2014.04.07 04:19:54.205,0.94374,0.94399,1.19,1.19
2014.04.07 04:19:56.213,0.94373,0.944,1.32,1.32
2014.04.07 04:19:56.539,0.94372,0.94395,1.69,1.19
2014.04.07 04:19:57.421,0.94372,0.94398,1.69,1.19
2014.04.07 04:19:59.428,0.94372,0.94399,2.44,1.19
2014.04.07 04:20:00.431,0.94373,0.94398,1.19,1.19
2014.04.07 04:20:01.437,0.94372,0.94396,1.69,1.19
2014.04.07 04:20:02.445,0.94372,0.94398,2.44,1.19
2014.04.07 04:20:03.382,0.94372,0.94398,2.44,1.19
2014.04.07 04:20:06.393,0.94374,0.944,1.19,1.32
2014.04.07 04:20:11.410,0.94375,0.94399,1.19,1.19
2014.04.07 04:20:13.922,0.94372,0.94395,2.07,1.19
2014.04.07 04:20:14.926,0.94372,0.94398,2.82,1.19
2014.04.07 04:20:15.932,0.94373,0.94398,1.19,1.19
2014.04.07 04:20:16.943,0.94374,0.94398,1.19,1.19
2014.04.07 04:20:18.948,0.94373,0.94399,1.32,1.19
2014.04.07 04:20:20.882,0.94373,0.94397,1.32,1.19
2014.04.07 04:20:21.887,0.94373,0.94398,1.32,1.19
2014.04.07 04:20:22.891,0.94373,0.94397,1.32,1.19
2014.04.07 04:20:23.895,0.94374,0.944,1.19,1.32
2014.04.07 04:20:24.398,0.94372,0.94396,2.07,1.19
2014.04.07 04:20:25.403,0.94372,0.94397,2.07,1.19
2014.04.07 04:20:27.514,0.94373,0.94397,1.32,1.19
2014.04.07 04:20:39.049,0.94372,0.94398,2.82,1.69
2014.04.07 04:20:40.451,0.94373,0.94397,1.32,1.19
2014.04.07 04:20:42.581,0.94374,0.94398,1.19,1.19
2014.04.07 04:20:46.496,0.94374,0.94398,1.19,1.25
2014.04.07 04:20:47.499,0.94375,0.94398,1.19,1.19
2014.04.07 04:20:48.502,0.94374,0.94398,1.19,1.25
2014.04.07 04:20:49.422,0.94372,0.94395,2.63,1.19
2014.04.07 04:20:49.762,0.94372,0.94396,3.57,1.19
2014.04.07 04:20:51.917,0.94372,0.94395,2.82,1.19
2014.04.07 04:20:52.017,0.94372,0.94397,3.57,1.19
2014.04.07 04:20:55.029,0.94374,0.94398,1.19,1.19
2014.04.07 04:20:57.037,0.94373,0.94399,1.19,1.19
2014.04.07 04:21:00.974,0.94374,0.94398,1.19,1.19
2014.04.07 04:21:01.982,0.94377,0.94401,1.19,1.69
2014.04.07 04:21:03.185,0.94375,0.94401,1.19,1.69
2014.04.07 04:21:09.201,0.94376,0.944,1.19,1.19
2014.04.07 04:21:12.211,0.94375,0.94401,1.19,1.32
2014.04.07 04:21:17.325,0.94376,0.944,1.19,1.19
2014.04.07 04:21:28.289,0.94374,0.944,1.57,1.19
2014.04.07 04:21:29.293,0.94375,0.94401,1.32,1.32
2014.04.07 04:21:29.910,0.94372,0.94396,3.57,1.19
2014.04.07 04:21:30.903,0.94372,0.94398,3.57,1.19
2014.04.07 04:21:31.907,0.94374,0.94398,1.57,1.19
2014.04.07 04:21:33.050,0.94374,0.94398,1.57,1.19
2014.04.07 04:21:33.914,0.94372,0.94398,3.57,1.19
2014.04.07 04:21:35.018,0.94374,0.94398,1.57,1.19
2014.04.07 04:21:36.927,0.94376,0.944,1.57,1.32
2014.04.07 04:21:38.639,0.94372,0.94396,3.57,1.19
2014.04.07 04:21:40.375,0.94373,0.94397,1.57,1.19
2014.04.07 04:21:41.687,0.94372,0.94397,2.82,1.19
2014.04.07 04:21:42.691,0.94372,0.94396,3.57,1.19
2014.04.07 04:21:45.804,0.94374,0.94398,1.57,1.19
2014.04.07 04:21:48.720,0.94374,0.944,1.57,1.32
2014.04.07 04:21:50.727,0.94374,0.944,1.57,1.32
2014.04.07 04:21:55.368,0.94372,0.94397,2.07,1.19
2014.04.07 04:21:56.373,0.94372,0.94398,2.82,1.19
2014.04.07 04:21:57.479,0.94372,0.94398,2.82,1.19
2014.04.07 04:22:00.387,0.94373,0.94397,1.57,1.19
2014.04.07 04:22:03.232,0.94367,0.94394,1.38,1.19
2014.04.07 04:22:03.283,0.94367,0.94394,1.38,1.19
2014.04.07 04:22:03.695,0.9437,0.94394,1.88,1.19
2014.04.07 04:22:03.883,0.94373,0.94394,1.88,1.19
2014.04.07 04:22:04.680,0.94373,0.94395,2.07,1.19
2014.04.07 04:22:05.009,0.94373,0.94398,2.07,1.69
2014.04.07 04:22:05.661,0.94372,0.94398,1.57,1.69
2014.04.07 04:22:05.762,0.9437,0.94396,1.57,1.19
2014.04.07 04:22:05.862,0.9437,0.94396,1.57,1.19
2014.04.07 04:22:06.059,0.9437,0.94396,1.57,1.19
2014.04.07 04:22:06.589,0.9437,0.94396,1.57,1.19
2014.04.07 04:22:06.720,0.94372,0.94398,1.57,1.69
2014.04.07 04:22:06.932,0.9437,0.94394,1.57,1.32
2014.04.07 04:22:07.301,0.94373,0.94394,1.88,1.32
2014.04.07 04:22:07.953,0.9437,0.94394,1.57,1.32
2014.04.07 04:22:08.172,0.9437,0.94394,1.57,1.32
2014.04.07 04:22:09.972,0.94368,0.94395,1.57,1.69
2014.04.07 04:22:11.561,0.94371,0.94396,1.17,1.94
2014.04.07 04:22:11.662,0.94376,0.94396,1.50,1.19
2014.04.07 04:22:11.873,0.94379,0.944,1.50,1.19
2014.04.07 04:22:12.090,0.94381,0.944,1.00,1.19
2014.04.07 04:22:12.292,0.94381,0.94402,1.00,1.19
2014.04.07 04:22:13.279,0.94381,0.94404,1.00,1.32
2014.04.07 04:22:14.281,0.94381,0.94403,1.00,1.19
2014.04.07 04:22:17.293,0.94381,0.94404,1.00,1.19
2014.04.07 04:22:18.300,0.94381,0.94405,1.00,1.19
2014.04.07 04:22:19.304,0.94381,0.94405,1.25,1.19
2014.04.07 04:22:20.307,0.94381,0.94404,1.19,1.19
2014.04.07 04:22:24.350,0.94381,0.94404,1.25,1.19
2014.04.07 04:22:25.354,0.94381,0.94405,1.25,1.19
2014.04.07 04:22:27.820,0.94387,0.94405,1.00,1.19
2014.04.07 04:22:28.122,0.94388,0.94409,2.10,1.57
2014.04.07 04:22:28.274,0.94398,0.94418,1.50,1.19
2014.04.07 04:22:28.408,0.94395,0.94418,1.50,1.19
2014.04.07 04:22:28.509,0.94395,0.94415,1.50,1.19
2014.04.07 04:22:28.969,0.94397,0.94415,1.50,1.19
2014.04.07 04:22:29.496,0.94397,0.94418,1.50,1.19
2014.04.07 04:22:34.496,0.94397,0.94416,1.50,1.19
2014.04.07 04:22:38.212,0.94397,0.94412,1.50,1.19
2014.04.07 04:22:39.238,0.94397,0.94415,1.50,1.19
2014.04.07 04:22:42.250,0.94397,0.94415,1.50,1.19
2014.04.07 04:22:43.253,0.94397,0.94416,1.50,1.19
2014.04.07 04:22:44.263,0.94397,0.94417,1.50,1.19
2014.04.07 04:22:45.265,0.94397,0.94417,1.50,1.19
2014.04.07 04:22:48.274,0.94397,0.94414,1.50,1.19
2014.04.07 04:22:49.280,0.94397,0.94415,1.50,1.19
2014.04.07 04:22:51.288,0.94397,0.94416,1.50,1.19
2014.04.07 04:22:52.294,0.94397,0.94415,1.50,1.19
2014.04.07 04:22:53.297,0.94397,0.94417,1.50,1.19
2014.04.07 04:22:57.322,0.94397,0.94415,1.50,1.19
2014.04.07 04:22:58.326,0.94397,0.94414,1.50,1.19
2014.04.07 04:23:02.343,0.94397,0.94413,1.50,1.19
2014.04.07 04:23:02.763,0.94397,0.94416,1.50,1.19
2014.04.07 04:23:02.920,0.94399,0.94416,1.50,1.19
2014.04.07 04:23:02.980,0.94399,0.9442,1.50,1.19
2014.04.07 04:23:03.488,0.944,0.9442,1.50,1.19
2014.04.07 04:23:04.148,0.944,0.94422,1.50,1.32
2014.04.07 04:23:04.960,0.944,0.94422,1.50,1.32
2014.04.07 04:23:05.980,0.944,0.94421,1.50,1.19
2014.04.07 04:23:06.370,0.944,0.94418,1.50,1.19
2014.04.07 04:23:06.481,0.94392,0.94418,1.54,1.19
2014.04.07 04:23:07.282,0.9439,0.94416,2.44,1.19
2014.04.07 04:23:08.275,0.9439,0.94414,2.44,1.19
2014.04.07 04:23:17.328,0.9439,0.94414,1.69,1.19
2014.04.07 04:23:17.830,0.9439,0.94414,1.69,1.94
2014.04.07 04:23:17.881,0.9439,0.94408,1.69,1.00
2014.04.07 04:23:17.931,0.94383,0.94408,1.57,1.19
2014.04.07 04:23:18.032,0.94381,0.94405,2.44,1.19
2014.04.07 04:23:20.038,0.94381,0.94405,1.69,1.19
2014.04.07 04:23:25.053,0.94381,0.94404,1.69,1.19
2014.04.07 04:23:26.159,0.94383,0.94404,1.50,1.19
2014.04.07 04:23:27.059,0.94383,0.94406,1.69,1.19
2014.04.07 04:23:27.861,0.94384,0.94408,1.19,1.32
2014.04.07 04:23:28.182,0.94389,0.94411,1.69,1.32
2014.04.07 04:23:29.166,0.94389,0.94412,1.69,1.69
2014.04.07 04:23:29.579,0.94386,0.9441,1.69,1.19
2014.04.07 04:23:29.915,0.9439,0.9441,1.50,1.19
2014.04.07 04:23:30.469,0.9439,0.94412,1.69,1.19
2014.04.07 04:23:30.780,0.94385,0.94411,1.19,1.19
2014.04.07 04:23:30.899,0.94389,0.94411,1.50,1.19
2014.04.07 04:23:31.674,0.94389,0.94412,1.69,1.19
2014.04.07 04:23:31.990,0.94385,0.94409,1.19,1.32
2014.04.07 04:23:32.980,0.94383,0.94407,2.44,1.19
2014.04.07 04:23:35.016,0.94383,0.94406,1.69,1.19
2014.04.07 04:23:36.020,0.94383,0.94407,1.69,1.19
2014.04.07 04:23:39.780,0.94385,0.94407,2.10,1.19
2014.04.07 04:23:40.100,0.94395,0.94413,1.50,1.19
2014.04.07 04:23:40.160,0.9439,0.94413,1.69,1.19
2014.04.07 04:23:41.649,0.9439,0.94408,1.50,1.69
2014.04.07 04:23:41.700,0.94381,0.94408,1.57,1.69
2014.04.07 04:23:42.146,0.9438,0.94404,2.44,1.19
2014.04.07 04:23:45.161,0.9438,0.94403,1.69,1.19
2014.04.07 04:23:47.167,0.9438,0.94403,1.69,1.19
2014.04.07 04:23:47.489,0.94383,0.94403,1.50,1.19
2014.04.07 04:23:48.172,0.94383,0.94405,1.50,1.19
2014.04.07 04:23:53.214,0.94383,0.94404,1.50,1.19
2014.04.07 04:23:57.228,0.94383,0.94405,1.50,1.19
2014.04.07 04:23:58.178,0.94386,0.94407,1.69,1.19
2014.04.07 04:23:58.516,0.94388,0.94407,1.50,1.19
2014.04.07 04:23:58.819,0.9439,0.94409,1.50,1.19
2014.04.07 04:23:59.609,0.94385,0.94408,1.32,1.19
2014.04.07 04:23:59.660,0.94381,0.94407,1.57,1.19
2014.04.07 04:23:59.945,0.9438,0.94405,1.69,1.19
2014.04.07 04:24:00.953,0.9438,0.94403,1.69,1.19
2014.04.07 04:24:08.997,0.9438,0.94402,1.69,1.19
2014.04.07 04:24:14.018,0.9438,0.94403,1.69,1.19
2014.04.07 04:24:15.022,0.9438,0.94404,1.69,1.19
2014.04.07 04:24:21.045,0.9438,0.94404,1.69,1.19
2014.04.07 04:24:22.049,0.9438,0.94404,1.69,1.19
2014.04.07 04:24:24.056,0.9438,0.94403,1.69,1.19
2014.04.07 04:24:24.987,0.9438,0.94402,1.69,1.19
2014.04.07 04:24:25.990,0.9438,0.94402,1.69,1.19
2014.04.07 04:24:32.011,0.9438,0.94402,1.69,1.19
2014.04.07 04:24:41.144,0.9438,0.94403,1.50,1.19
2014.04.07 04:24:46.089,0.9438,0.94402,1.50,1.19
2014.04.07 04:24:47.430,0.9438,0.94403,1.69,1.19
2014.04.07 04:24:51.108,0.9438,0.94403,1.69,1.19
2014.04.07 04:24:53.115,0.9438,0.94403,1.69,1.19
2014.04.07 04:24:57.131,0.9438,0.94403,1.69,1.19
2014.04.07 04:24:59.139,0.9438,0.94403,1.50,1.19
2014.04.07 04:25:01.257,0.9438,0.94402,1.69,1.19
2014.04.07 04:25:06.188,0.9438,0.94403,1.50,1.19
2014.04.07 04:25:11.206,0.9438,0.94401,1.69,1.19
2014.04.07 04:25:15.220,0.9438,0.94403,1.50,1.19
2014.04.07 04:25:17.231,0.9438,0.94402,1.69,1.19
2014.04.07 04:25:21.249,0.9438,0.94403,1.69,1.19
2014.04.07 04:25:23.116,0.94384,0.94403,1.50,1.19
2014.04.07 04:25:23.264,0.94384,0.94405,1.69,1.19
2014.04.07 04:25:24.272,0.94384,0.94406,1.50,1.19
2014.04.07 04:25:33.117,0.94384,0.94403,1.50,1.19
2014.04.07 04:25:34.122,0.94384,0.94405,1.50,1.32
2014.04.07 04:25:36.156,0.94384,0.94406,1.50,1.19
2014.04.07 04:25:37.160,0.94384,0.94405,1.50,1.19
2014.04.07 04:25:39.170,0.94384,0.94404,1.50,1.19
2014.04.07 04:25:43.194,0.94384,0.94405,1.69,1.19
2014.04.07 04:25:46.208,0.94384,0.94403,1.50,1.19
2014.04.07 04:25:46.416,0.94384,0.94406,1.69,1.19
2014.04.07 04:25:46.467,0.94388,0.94406,1.50,1.19
2014.04.07 04:25:46.811,0.9439,0.94409,1.50,1.19
2014.04.07 04:25:47.716,0.9439,0.9441,1.50,1.19
2014.04.07 04:25:48.118,0.9439,0.94406,1.50,1.19
2014.04.07 04:25:48.220,0.94381,0.94404,2.07,1.19
2014.04.07 04:25:48.421,0.94381,0.94401,1.50,1.19
2014.04.07 04:25:50.353,0.94381,0.94401,1.50,1.19
2014.04.07 04:25:51.358,0.94381,0.944,1.50,1.19
2014.04.07 04:25:52.363,0.94381,0.94401,1.50,1.19
2014.04.07 04:25:53.526,0.94378,0.94401,1.69,1.19
2014.04.07 04:25:54.065,0.94378,0.94399,1.50,1.19
2014.04.07 04:25:54.576,0.94378,0.944,1.50,1.19
2014.04.07 04:25:59.595,0.94378,0.94399,1.50,1.19
2014.04.07 04:26:02.627,0.94378,0.94399,1.50,1.19
2014.04.07 04:26:03.613,0.94378,0.944,1.50,1.19
2014.04.07 04:26:05.550,0.94378,0.944,1.50,1.19
2014.04.07 04:26:11.568,0.94378,0.944,1.69,1.19
2014.04.07 04:26:13.575,0.94378,0.94399,1.50,1.19
2014.04.07 04:26:14.580,0.94378,0.944,1.50,1.19
2014.04.07 04:26:25.643,0.94378,0.944,1.50,1.19
2014.04.07 04:26:38.685,0.94378,0.944,1.50,1.19
2014.04.07 04:26:40.692,0.94378,0.94398,1.50,1.19
2014.04.07 04:26:41.697,0.94378,0.94399,1.50,1.19
2014.04.07 04:26:46.732,0.94378,0.94399,1.50,1.19
2014.04.07 04:26:51.751,0.94378,0.94399,1.50,1.19
2014.04.07 04:27:04.495,0.94375,0.94398,1.69,1.19
2014.04.07 04:27:04.576,0.94375,0.94394,1.69,1.00
2014.04.07 04:27:04.895,0.9437,0.94394,2.07,1.25
2014.04.07 04:27:06.827,0.94371,0.94394,1.19,1.19
2014.04.07 04:27:07.831,0.94369,0.94395,1.57,1.19
2014.04.07 04:27:16.862,0.9437,0.94396,1.57,1.19
2014.04.07 04:27:17.864,0.94372,0.94396,1.19,1.19
2014.04.07 04:27:22.976,0.94371,0.94397,1.32,1.19
2014.04.07 04:27:26.008,0.94372,0.94396,1.32,1.19
2014.04.07 04:27:27.992,0.94371,0.94395,1.57,1.19
2014.04.07 04:27:35.448,0.94368,0.94394,2.82,1.19
2014.04.07 04:27:35.965,0.94367,0.94391,1.57,1.19
2014.04.07 04:27:36.016,0.94367,0.94391,1.57,1.19
2014.04.07 04:27:36.275,0.94365,0.94389,1.19,1.19
2014.04.07 04:27:36.596,0.94363,0.94386,2.07,1.19
2014.04.07 04:27:43.267,0.94363,0.94388,1.69,1.19
2014.04.07 04:27:46.317,0.94367,0.94387,1.50,1.19
2014.04.07 04:27:46.382,0.94367,0.9439,1.50,1.19
2014.04.07 04:27:46.685,0.94367,0.94388,1.50,1.19
2014.04.07 04:27:47.690,0.94367,0.94389,1.50,1.19
2014.04.07 04:27:49.618,0.94367,0.94387,1.50,1.19
2014.04.07 04:27:50.724,0.94367,0.94389,1.50,1.19
2014.04.07 04:27:56.747,0.94367,0.94387,1.50,1.19
2014.04.07 04:27:57.751,0.94367,0.94389,1.69,1.19
2014.04.07 04:28:02.394,0.94363,0.94388,2.07,1.19
2014.04.07 04:28:02.495,0.94364,0.94391,1.19,1.19
2014.04.07 04:28:02.604,0.94368,0.94391,1.50,1.19
2014.04.07 04:28:02.788,0.94368,0.94393,1.69,1.19
2014.04.07 04:28:05.871,0.94368,0.94392,2.82,1.19
2014.04.07 04:28:06.777,0.94368,0.94391,2.07,1.19
2014.04.07 04:28:20.828,0.94368,0.94393,2.07,1.19
2014.04.07 04:28:21.136,0.94368,0.94392,2.82,1.19
2014.04.07 04:28:22.847,0.94368,0.94394,2.82,1.19
2014.04.07 04:28:27.914,0.94368,0.94394,2.82,1.19
2014.04.07 04:28:28.866,0.94369,0.94393,1.19,1.19
2014.04.07 04:28:31.875,0.94371,0.94395,1.19,1.19
2014.04.07 04:28:33.883,0.9437,0.94396,1.57,1.19
2014.04.07 04:28:42.943,0.94368,0.94395,2.82,1.19
2014.04.07 04:28:43.940,0.9437,0.94394,1.57,1.19
2014.04.07 04:28:47.954,0.9437,0.94396,1.57,1.19
2014.04.07 04:28:52.968,0.94371,0.94397,1.57,1.19
2014.04.07 04:28:53.471,0.94369,0.94394,1.57,1.19
2014.04.07 04:28:54.376,0.9437,0.94394,1.57,1.19
2014.04.07 04:29:02.435,0.9437,0.94394,1.32,1.19
2014.04.07 04:29:05.450,0.9437,0.94396,1.32,1.19
2014.04.07 04:29:07.458,0.94371,0.94395,1.19,1.19
2014.04.07 04:29:08.463,0.94369,0.94395,1.57,1.19
2014.04.07 04:29:09.566,0.94369,0.94395,1.57,1.19
2014.04.07 04:29:11.172,0.94371,0.94395,1.19,1.19
2014.04.07 04:29:12.276,0.9437,0.94396,1.32,1.19
2014.04.07 04:29:18.536,0.9437,0.94396,1.32,1.19
2014.04.07 04:29:19.540,0.94372,0.94398,1.19,1.19
2014.04.07 04:29:21.550,0.94372,0.94396,1.19,1.19
2014.04.07 04:29:22.554,0.94372,0.94396,1.19,1.19
2014.04.07 04:29:23.563,0.94371,0.94397,1.19,1.19
2014.04.07 04:29:26.569,0.94372,0.94396,1.19,1.19
2014.04.07 04:29:27.674,0.94372,0.94396,1.19,1.19
2014.04.07 04:29:29.581,0.94372,0.94396,1.19,1.19
2014.04.07 04:29:32.335,0.94375,0.94399,1.19,1.19
2014.04.07 04:29:33.402,0.94372,0.94398,1.19,1.19
2014.04.07 04:29:34.631,0.94372,0.94397,1.19,1.19
2014.04.07 04:29:36.635,0.94371,0.94397,1.32,1.19
2014.04.07 04:29:37.639,0.94371,0.94396,2.07,1.19
2014.04.07 04:29:40.655,0.94371,0.94395,1.32,1.19
2014.04.07 04:29:41.659,0.94369,0.94395,1.57,1.19
2014.04.07 04:29:43.666,0.94371,0.94395,1.19,1.19
2014.04.07 04:29:50.731,0.9437,0.94397,1.19,1.19
2014.04.07 04:30:00.763,0.94371,0.94396,1.19,1.19
2014.04.07 04:30:00.966,0.9437,0.94399,1.19,1.19
2014.04.07 04:30:01.167,0.9437,0.94401,1.69,1.19
2014.04.07 04:30:03.479,0.9437,0.94399,1.19,1.19
2014.04.07 04:30:10.534,0.94371,0.94401,1.19,2.82
2014.04.07 04:30:12.546,0.94371,0.94399,1.69,1.19
2014.04.07 04:30:13.550,0.94371,0.944,1.19,1.19
2014.04.07 04:30:15.560,0.94371,0.94399,1.19,1.19
2014.04.07 04:30:16.562,0.94371,0.94398,1.69,1.19
2014.04.07 04:30:18.570,0.94371,0.94396,1.69,1.19
2014.04.07 04:30:19.575,0.94371,0.94396,1.19,1.19
2014.04.07 04:30:20.778,0.94372,0.94396,1.19,1.19
2014.04.07 04:30:21.783,0.94371,0.94398,1.69,1.19
2014.04.07 04:30:25.498,0.94372,0.94398,1.19,1.19
2014.04.07 04:30:26.625,0.94372,0.94396,1.19,1.19
2014.04.07 04:30:35.375,0.94372,0.94396,1.19,1.19
2014.04.07 04:30:39.925,0.94371,0.94396,1.19,1.19
2014.04.07 04:30:40.929,0.94371,0.94395,1.69,1.19
2014.04.07 04:30:43.940,0.94371,0.94393,1.25,1.19
2014.04.07 04:30:47.958,0.94371,0.94394,1.19,1.19
2014.04.07 04:30:51.003,0.94371,0.94394,1.25,1.19
2014.04.07 04:30:52.981,0.94371,0.94396,1.19,1.19
2014.04.07 04:30:53.986,0.94371,0.94397,1.69,1.19
2014.04.07 04:30:54.992,0.94371,0.94395,1.69,1.19
2014.04.07 04:30:56.019,0.94371,0.94395,1.69,1.19
2014.04.07 04:30:57.024,0.94371,0.94395,1.69,1.19
2014.04.07 04:30:59.031,0.94371,0.94396,1.19,1.19
2014.04.07 04:31:01.036,0.94372,0.94396,1.19,1.19
2014.04.07 04:31:05.073,0.94371,0.94396,1.19,1.19
2014.04.07 04:31:06.154,0.94371,0.94395,1.19,1.19
2014.04.07 04:31:07.160,0.94371,0.94394,1.25,1.19
2014.04.07 04:31:08.065,0.94371,0.94394,1.00,1.19
2014.04.07 04:31:09.169,0.94371,0.94395,1.25,1.19
2014.04.07 04:31:11.077,0.9437,0.94394,1.19,1.19
2014.04.07 04:31:19.132,0.9437,0.94396,1.32,1.19
2014.04.07 04:31:21.141,0.9437,0.94396,1.32,1.19
2014.04.07 04:31:26.207,0.9437,0.94396,1.32,1.19
2014.04.07 04:31:30.175,0.94368,0.94394,3.19,1.19
2014.04.07 04:31:32.181,0.94371,0.94395,1.19,1.19
2014.04.07 04:31:34.616,0.94368,0.94394,2.07,1.19
2014.04.07 04:31:34.717,0.9437,0.94394,1.32,1.19
2014.04.07 04:31:36.725,0.9437,0.94396,1.57,1.19
2014.04.07 04:31:37.729,0.94369,0.94393,1.57,1.19
2014.04.07 04:31:38.732,0.94369,0.94395,1.57,1.19
2014.04.07 04:31:40.739,0.94372,0.94397,1.32,1.19
2014.04.07 04:31:41.646,0.9437,0.94394,1.57,1.19
2014.04.07 04:31:42.101,0.9437,0.9439,1.57,1.75
2014.04.07 04:31:42.202,0.94364,0.9439,1.13,1.94
2014.04.07 04:31:42.304,0.94361,0.9439,2.25,1.94
2014.04.07 04:31:42.354,0.94362,0.94387,3.04,1.69
2014.04.07 04:31:42.739,0.94373,0.94391,1.50,1.19
2014.04.07 04:31:43.469,0.94373,0.94393,1.50,1.19
2014.04.07 04:31:44.671,0.94368,0.94392,1.19,1.19
2014.04.07 04:31:44.763,0.94367,0.9439,2.44,1.19
2014.04.07 04:31:45.765,0.94367,0.9439,2.44,1.19
2014.04.07 04:31:46.768,0.94367,0.94389,2.44,1.19
2014.04.07 04:31:47.702,0.94362,0.94386,1.00,1.19
2014.04.07 04:31:49.678,0.94362,0.94384,1.25,1.19
2014.04.07 04:31:51.703,0.94362,0.94385,1.00,1.19
2014.04.07 04:31:54.713,0.94362,0.94385,1.19,1.19
2014.04.07 04:31:59.728,0.94362,0.94386,1.19,1.19
2014.04.07 04:32:00.734,0.94362,0.94386,1.25,1.19
2014.04.07 04:32:06.451,0.94362,0.94387,1.19,1.19
2014.04.07 04:32:10.767,0.94362,0.94385,1.19,1.19
2014.04.07 04:32:15.209,0.94362,0.94386,1.69,1.19
2014.04.07 04:32:16.814,0.94362,0.94387,1.19,1.19
2014.04.07 04:32:17.918,0.94362,0.94384,1.00,1.19
2014.04.07 04:32:20.329,0.94362,0.94386,1.19,1.19
2014.04.07 04:32:22.235,0.94362,0.94385,1.00,1.19
2014.04.07 04:32:27.949,0.94362,0.94381,1.00,1.19
2014.04.07 04:32:30.055,0.94362,0.94386,1.25,1.19
2014.04.07 04:32:34.977,0.94362,0.94387,1.19,1.19
2014.04.07 04:32:36.982,0.94362,0.94385,1.19,1.19
2014.04.07 04:32:38.688,0.94362,0.94383,1.00,1.19
2014.04.07 04:32:39.030,0.94366,0.94386,1.00,1.19
2014.04.07 04:32:40.024,0.94366,0.94388,1.00,1.19
2014.04.07 04:32:42.043,0.94366,0.94385,1.00,1.19
2014.04.07 04:32:42.110,0.94362,0.94385,1.69,1.19
2014.04.07 04:32:45.037,0.94362,0.94385,1.69,1.19
2014.04.07 04:32:52.107,0.94362,0.94385,1.69,1.19
2014.04.07 04:32:54.073,0.94362,0.94385,1.50,1.19
2014.04.07 04:32:56.080,0.94362,0.94387,1.69,1.19
2014.04.07 04:33:00.128,0.94362,0.94385,1.69,1.19
2014.04.07 04:33:01.134,0.94362,0.94386,1.69,1.19
2014.04.07 04:33:02.140,0.94362,0.94386,2.44,1.19
2014.04.07 04:33:04.149,0.94362,0.94387,1.69,1.19
2014.04.07 04:33:13.183,0.94362,0.94385,1.69,1.19
2014.04.07 04:33:15.125,0.94362,0.94386,1.50,1.19
2014.04.07 04:33:21.147,0.94362,0.94384,1.69,1.19
2014.04.07 04:33:36.222,0.94362,0.94384,1.69,1.19
2014.04.07 04:33:38.229,0.94362,0.94386,1.69,1.19
2014.04.07 04:33:39.333,0.94362,0.94386,1.69,1.19
2014.04.07 04:33:44.252,0.94362,0.94385,1.69,1.19
2014.04.07 04:33:52.383,0.94362,0.94384,1.69,1.19
2014.04.07 04:33:53.573,0.94362,0.94384,1.50,1.19
2014.04.07 04:33:59.388,0.94362,0.94385,1.69,1.19
2014.04.07 04:34:00.391,0.94362,0.94385,1.69,1.19
2014.04.07 04:34:05.411,0.94362,0.94386,1.69,1.19
2014.04.07 04:34:06.421,0.94362,0.94386,2.44,1.19
2014.04.07 04:34:07.426,0.94362,0.94386,1.69,1.19
2014.04.07 04:34:08.430,0.94362,0.94386,1.69,1.19
2014.04.07 04:34:14.170,0.94362,0.94384,1.50,1.19
2014.04.07 04:34:14.498,0.94362,0.94385,1.50,1.19
2014.04.07 04:34:20.196,0.94362,0.94387,1.69,1.19
2014.04.07 04:34:23.515,0.94359,0.94385,1.69,1.19
2014.04.07 04:34:24.520,0.94359,0.94384,2.44,1.19
2014.04.07 04:34:26.530,0.9436,0.94385,1.19,1.19
2014.04.07 04:34:28.465,0.94361,0.94385,1.19,1.19
2014.04.07 04:34:30.570,0.9436,0.94386,1.19,1.19
2014.04.07 04:34:32.577,0.94361,0.94386,1.19,1.19
2014.04.07 04:34:33.181,0.94359,0.94384,1.69,1.19
2014.04.07 04:34:34.186,0.9436,0.94384,1.19,1.19
2014.04.07 04:34:35.193,0.94359,0.94385,2.07,1.19
2014.04.07 04:34:36.196,0.94359,0.94384,2.82,1.19
2014.04.07 04:34:39.205,0.94359,0.94385,2.82,1.19
2014.04.07 04:34:40.212,0.94361,0.94385,1.19,1.19
2014.04.07 04:34:43.558,0.94361,0.94385,1.19,1.19
2014.04.07 04:34:45.769,0.9436,0.94386,1.19,1.19
2014.04.07 04:34:50.188,0.94361,0.94385,1.19,1.19
2014.04.07 04:34:54.204,0.9436,0.94386,1.19,1.19
2014.04.07 04:34:55.208,0.9436,0.94386,1.19,1.19
2014.04.07 04:35:02.458,0.9436,0.94386,1.19,1.19
2014.04.07 04:35:09.578,0.9436,0.94387,1.19,1.19
2014.04.07 04:35:10.582,0.94362,0.94386,1.19,1.19
2014.04.07 04:35:21.822,0.9436,0.94386,1.19,1.19
2014.04.07 04:35:23.129,0.94362,0.94385,1.19,1.19
2014.04.07 04:35:23.687,0.94362,0.94384,1.00,1.19
2014.04.07 04:35:24.558,0.94362,0.94385,1.00,1.19
2014.04.07 04:35:27.167,0.94362,0.94383,1.25,1.19
2014.04.07 04:35:28.271,0.94362,0.94384,1.19,1.19
2014.04.07 04:35:29.776,0.94362,0.94385,1.00,1.19
2014.04.07 04:35:31.886,0.94362,0.94384,1.19,1.19
2014.04.07 04:35:33.995,0.94362,0.94386,1.25,1.19
2014.04.07 04:35:35.199,0.94362,0.94385,1.19,1.19
2014.04.07 04:35:37.206,0.94362,0.94386,1.19,1.19
2014.04.07 04:35:37.911,0.94362,0.94387,1.19,1.19
2014.04.07 04:35:44.222,0.94361,0.94386,1.19,1.19
2014.04.07 04:35:47.532,0.9436,0.94386,1.19,1.19
2014.04.07 04:35:51.250,0.94361,0.94386,1.19,1.19
2014.04.07 04:35:57.165,0.94362,0.94386,1.19,1.19
2014.04.07 04:35:59.378,0.94362,0.94386,1.19,1.19
2014.04.07 04:36:01.213,0.94363,0.94388,1.19,1.69
2014.04.07 04:36:01.389,0.94366,0.94388,1.19,1.69
2014.04.07 04:36:03.919,0.94364,0.94388,1.19,1.19
2014.04.07 04:36:04.937,0.94363,0.94389,1.32,1.32
2014.04.07 04:36:09.954,0.94362,0.94387,2.07,1.19
2014.04.07 04:36:11.367,0.94363,0.94387,1.32,1.19
2014.04.07 04:36:12.372,0.94363,0.94389,1.32,1.19
2014.04.07 04:36:14.382,0.94363,0.94387,1.32,1.19
2014.04.07 04:36:21.333,0.94362,0.94387,2.07,1.19
2014.04.07 04:36:21.435,0.94366,0.94392,1.19,1.69
2014.04.07 04:36:21.536,0.94371,0.94392,1.19,1.69
2014.04.07 04:36:21.938,0.94371,0.94396,1.19,1.69
2014.04.07 04:36:23.446,0.94372,0.94396,1.19,1.19
2014.04.07 04:36:25.754,0.94371,0.94397,1.19,1.19
2014.04.07 04:36:32.170,0.94372,0.94396,1.19,1.19
2014.04.07 04:36:33.174,0.94371,0.94397,1.19,1.19
2014.04.07 04:36:35.107,0.94371,0.94393,1.19,1.00
2014.04.07 04:36:35.227,0.94369,0.94393,1.19,1.19
2014.04.07 04:36:35.283,0.94367,0.94391,1.19,1.19
2014.04.07 04:36:37.189,0.94365,0.94389,1.19,1.19
2014.04.07 04:36:38.194,0.94366,0.94389,1.19,1.19
2014.04.07 04:36:41.131,0.94366,0.94391,1.19,1.19
2014.04.07 04:36:41.973,0.94364,0.94387,1.69,1.19
2014.04.07 04:36:42.076,0.94364,0.94389,1.69,1.19
2014.04.07 04:36:43.565,0.94367,0.94389,1.00,1.19
2014.04.07 04:36:45.148,0.94367,0.9439,1.25,1.19
2014.04.07 04:36:52.285,0.94367,0.94389,1.19,1.19
2014.04.07 04:36:53.375,0.94367,0.9439,1.00,1.19
2014.04.07 04:37:08.316,0.94367,0.94388,1.00,1.19
2014.04.07 04:37:12.229,0.94367,0.94389,1.00,1.19
2014.04.07 04:37:13.334,0.94367,0.9439,1.19,1.19
2014.04.07 04:37:14.341,0.94367,0.9439,1.19,1.19
2014.04.07 04:37:22.367,0.94367,0.9439,1.25,1.19
2014.04.07 04:37:28.409,0.94367,0.94389,1.19,1.19
2014.04.07 04:37:31.420,0.94367,0.94389,1.19,1.19
2014.04.07 04:37:32.425,0.94367,0.94389,1.19,1.19
2014.04.07 04:37:37.441,0.94367,0.94391,1.19,1.19
2014.04.07 04:37:39.450,0.94367,0.94391,1.19,1.19
2014.04.07 04:37:40.685,0.94362,0.94388,1.57,1.19
2014.04.07 04:37:41.660,0.94363,0.94387,1.19,1.19
2014.04.07 04:37:42.193,0.94367,0.94388,1.00,1.19
2014.04.07 04:37:42.594,0.94367,0.9439,1.00,1.19
2014.04.07 04:37:43.598,0.94367,0.94389,1.00,1.19
2014.04.07 04:37:52.630,0.94367,0.94389,1.00,1.19
2014.04.07 04:37:58.575,0.94365,0.94389,1.69,1.19
2014.04.07 04:37:59.656,0.94365,0.94389,1.69,1.19
2014.04.07 04:38:02.662,0.94365,0.9439,1.69,1.19
2014.04.07 04:38:03.667,0.94365,0.94389,2.44,1.19
2014.04.07 04:38:04.670,0.94365,0.94389,1.69,1.19
2014.04.07 04:38:07.783,0.94366,0.94388,1.00,1.19
2014.04.07 04:38:09.790,0.94366,0.94389,1.00,1.19
2014.04.07 04:38:10.795,0.94366,0.94388,1.25,1.19
2014.04.07 04:38:11.800,0.94366,0.94389,1.00,1.19
2014.04.07 04:38:13.809,0.94366,0.94389,1.25,1.19
2014.04.07 04:38:22.774,0.94366,0.94388,1.19,1.19
2014.04.07 04:38:24.783,0.94366,0.94389,1.00,1.19
2014.04.07 04:38:26.404,0.94365,0.94389,1.69,1.19
2014.04.07 04:38:26.794,0.94365,0.94388,1.69,1.19
2014.04.07 04:38:27.798,0.94365,0.94388,1.69,1.19
2014.04.07 04:38:30.812,0.94365,0.94388,1.69,1.19
2014.04.07 04:38:31.817,0.94368,0.94391,1.19,1.19
2014.04.07 04:38:33.748,0.94365,0.94389,2.82,1.19
2014.04.07 04:38:34.752,0.94366,0.9439,1.19,1.19
2014.04.07 04:38:35.757,0.94365,0.94389,2.82,1.19
2014.04.07 04:38:36.762,0.94365,0.9439,2.07,1.19
2014.04.07 04:38:38.768,0.94365,0.94389,2.82,1.19
2014.04.07 04:38:39.672,0.94367,0.94393,1.19,1.19
2014.04.07 04:38:42.681,0.94365,0.9439,2.07,1.19
2014.04.07 04:38:44.686,0.94366,0.9439,1.19,1.19
2014.04.07 04:38:45.689,0.94365,0.94388,1.88,1.19
2014.04.07 04:38:45.790,0.94365,0.94389,2.82,1.19
2014.04.07 04:38:47.701,0.94365,0.9439,2.07,1.19
2014.04.07 04:38:48.807,0.94365,0.94389,2.82,1.19
2014.04.07 04:38:49.809,0.94365,0.9439,2.07,1.19
2014.04.07 04:38:51.214,0.94367,0.94393,1.19,1.19
2014.04.07 04:38:52.232,0.94368,0.94392,1.19,1.19
2014.04.07 04:38:53.236,0.94368,0.94394,1.19,1.69
2014.04.07 04:39:02.266,0.94368,0.94392,1.19,1.19
2014.04.07 04:39:16.804,0.94367,0.94393,1.19,1.19
2014.04.07 04:39:32.174,0.94367,0.94396,1.19,1.19
2014.04.07 04:39:36.382,0.94368,0.94394,1.19,1.19
2014.04.07 04:39:40.696,0.94367,0.9439,1.00,1.19
2014.04.07 04:39:41.670,0.94368,0.94392,1.19,1.19
2014.04.07 04:39:50.950,0.94368,0.94394,1.19,1.19
2014.04.07 04:39:53.955,0.94369,0.94393,1.19,1.19
2014.04.07 04:40:02.098,0.94368,0.94394,1.19,1.19
2014.04.07 04:40:05.992,0.94369,0.94393,1.19,1.19
2014.04.07 04:40:06.995,0.94368,0.94394,1.19,1.19
2014.04.07 04:40:09.002,0.94369,0.94393,1.19,1.19
2014.04.07 04:40:15.043,0.94368,0.94394,1.19,1.19
2014.04.07 04:40:16.048,0.94368,0.94394,1.19,1.19
2014.04.07 04:40:21.067,0.94369,0.94393,1.19,1.19
2014.04.07 04:40:26.085,0.94369,0.94393,1.19,1.19
2014.04.07 04:40:31.199,0.94369,0.94393,1.19,1.19
2014.04.07 04:40:32.204,0.94369,0.94393,1.19,1.19
2014.04.07 04:40:39.161,0.94371,0.94393,1.00,1.19
2014.04.07 04:40:42.370,0.94371,0.94395,1.00,1.19
2014.04.07 04:40:44.478,0.94371,0.94394,1.19,1.19
2014.04.07 04:40:46.183,0.94371,0.94396,1.19,1.19
2014.04.07 04:40:48.992,0.94371,0.94394,1.19,1.19
2014.04.07 04:40:49.193,0.94371,0.94393,1.00,1.19
2014.04.07 04:40:54.209,0.94371,0.94394,1.25,1.19
2014.04.07 04:40:57.791,0.94376,0.94394,1.50,1.19
2014.04.07 04:40:58.248,0.94376,0.94396,1.50,1.19
2014.04.07 04:40:59.895,0.94372,0.94396,1.69,1.19
2014.04.07 04:40:59.996,0.94372,0.94394,1.50,1.19
2014.04.07 04:41:00.223,0.94369,0.94391,1.50,1.19
2014.04.07 04:41:00.274,0.94369,0.94389,1.50,1.19
2014.04.07 04:41:00.662,0.94373,0.94392,1.50,1.19
2014.04.07 04:41:02.672,0.94373,0.94391,1.50,1.19
2014.04.07 04:41:03.876,0.94373,0.94392,1.00,1.19
2014.04.07 04:41:03.926,0.94375,0.94392,1.00,1.19
2014.04.07 04:41:04.088,0.94375,0.94397,1.00,1.19
2014.04.07 04:41:04.583,0.94376,0.944,1.69,1.32
2014.04.07 04:41:05.587,0.94377,0.94401,1.69,1.19
2014.04.07 04:41:06.492,0.94377,0.94396,1.50,1.19
2014.04.07 04:41:06.926,0.94372,0.94396,2.44,1.19
2014.04.07 04:41:06.994,0.94372,0.94394,1.69,1.19
2014.04.07 04:41:08.030,0.94372,0.94394,1.69,1.19
2014.04.07 04:41:09.035,0.94372,0.94393,1.69,1.19
2014.04.07 04:41:10.040,0.94372,0.94394,1.50,1.19
2014.04.07 04:41:12.047,0.94372,0.94393,1.50,1.19
2014.04.07 04:41:15.059,0.94372,0.94394,1.50,1.19
2014.04.07 04:41:19.083,0.94372,0.94394,1.69,1.19
2014.04.07 04:41:23.025,0.94372,0.94393,1.69,1.19
2014.04.07 04:41:28.053,0.94372,0.94393,1.50,1.19
2014.04.07 04:41:39.165,0.94375,0.94394,1.50,1.19
2014.04.07 04:41:39.656,0.94376,0.94397,1.69,1.19
2014.04.07 04:41:40.651,0.94376,0.94399,1.50,1.19
2014.04.07 04:41:42.266,0.94372,0.94396,1.69,1.19
2014.04.07 04:41:42.675,0.94376,0.94396,1.50,1.19
2014.04.07 04:41:44.008,0.94376,0.94395,1.50,1.19
2014.04.07 04:41:46.318,0.94376,0.94396,1.50,1.19
2014.04.07 04:41:48.186,0.94372,0.94396,1.69,1.57
2014.04.07 04:41:48.237,0.94372,0.94393,1.69,1.19
2014.04.07 04:41:48.632,0.94375,0.94393,1.50,1.19
2014.04.07 04:41:48.945,0.94375,0.94398,1.69,1.94
2014.04.07 04:41:50.748,0.94375,0.94399,1.69,1.19
2014.04.07 04:41:52.731,0.94375,0.94396,1.50,1.19
2014.04.07 04:41:54.555,0.94376,0.94396,1.50,1.19
2014.04.07 04:41:55.705,0.94376,0.94397,1.50,1.19
2014.04.07 04:42:00.735,0.94376,0.94395,1.50,1.19
2014.04.07 04:42:02.882,0.94376,0.94397,1.69,1.19
2014.04.07 04:42:03.788,0.94376,0.94398,1.50,1.19
2014.04.07 04:42:06.808,0.94376,0.94398,1.50,1.19
2014.04.07 04:42:07.917,0.94376,0.94397,1.69,1.19
2014.04.07 04:42:12.877,0.94376,0.94397,1.50,1.19
2014.04.07 04:42:13.365,0.94374,0.94397,1.69,1.19
2014.04.07 04:42:13.516,0.94374,0.94394,1.50,1.19
2014.04.07 04:42:14.504,0.94372,0.94394,1.69,1.19
2014.04.07 04:42:17.895,0.94372,0.94395,1.69,1.19
2014.04.07 04:42:18.096,0.94372,0.94394,1.50,1.19
2014.04.07 04:42:18.204,0.94375,0.94394,1.50,1.19
2014.04.07 04:42:18.305,0.94375,0.94396,1.69,1.19
2014.04.07 04:42:19.304,0.94375,0.94396,1.69,1.19
2014.04.07 04:42:20.324,0.94375,0.94395,1.88,1.19
2014.04.07 04:42:21.314,0.94375,0.94395,1.88,1.19
2014.04.07 04:42:22.322,0.94375,0.94395,1.88,1.19
2014.04.07 04:42:23.431,0.94375,0.94396,1.88,1.19
2014.04.07 04:42:24.437,0.94375,0.94397,1.88,1.19
2014.04.07 04:42:26.309,0.94375,0.94401,2.44,1.19
2014.04.07 04:42:27.385,0.94376,0.94401,2.44,1.19
2014.04.07 04:42:28.381,0.94376,0.94403,2.44,1.19
2014.04.07 04:42:30.391,0.94376,0.94403,2.44,1.19
2014.04.07 04:42:32.400,0.94376,0.94402,1.69,1.19
2014.04.07 04:42:36.323,0.94377,0.94401,1.19,1.19
2014.04.07 04:42:37.330,0.94377,0.94403,1.19,1.19
2014.04.07 04:42:40.376,0.94377,0.94402,1.19,1.19
2014.04.07 04:42:43.592,0.94378,0.94401,1.19,1.19
2014.04.07 04:42:45.397,0.94378,0.94404,1.19,1.69
2014.04.07 04:42:48.411,0.94379,0.94403,1.19,1.19
2014.04.07 04:42:49.419,0.94378,0.94403,1.19,1.19
2014.04.07 04:42:50.426,0.94378,0.94402,1.19,1.19
2014.04.07 04:42:53.784,0.94382,0.94404,1.19,1.00
2014.04.07 04:42:54.274,0.94385,0.94411,1.19,1.32
2014.04.07 04:42:55.381,0.94386,0.9441,1.19,1.19
2014.04.07 04:42:56.126,0.94386,0.94409,1.19,1.94
2014.04.07 04:42:56.226,0.9438,0.94403,1.13,1.00
2014.04.07 04:42:56.277,0.94377,0.94404,1.00,1.50
2014.04.07 04:42:56.328,0.94378,0.94403,1.19,1.19
2014.04.07 04:42:56.630,0.94381,0.94403,1.00,1.19
2014.04.07 04:42:56.932,0.94381,0.94408,1.69,1.25
2014.04.07 04:42:57.834,0.94384,0.94407,1.69,1.19
2014.04.07 04:42:58.806,0.94381,0.94407,1.69,1.19
2014.04.07 04:42:59.351,0.94378,0.94404,1.32,2.44
2014.04.07 04:42:59.552,0.94373,0.944,1.88,1.69
2014.04.07 04:42:59.603,0.94377,0.944,1.00,1.19
2014.04.07 04:42:59.911,0.9438,0.94403,1.50,1.69
2014.04.07 04:43:00.353,0.94381,0.94403,1.19,1.19
2014.04.07 04:43:00.922,0.94379,0.94403,1.19,1.69
2014.04.07 04:43:01.126,0.94377,0.94398,1.50,1.19
2014.04.07 04:43:01.227,0.94372,0.94398,2.07,1.19
2014.04.07 04:43:01.478,0.9438,0.94399,1.50,1.19
2014.04.07 04:43:01.579,0.9438,0.94403,1.69,1.94
2014.04.07 04:43:01.951,0.94381,0.94405,1.19,1.19
2014.04.07 04:43:02.706,0.94381,0.94403,1.19,1.94
2014.04.07 04:43:02.757,0.94373,0.94401,2.07,2.44
2014.04.07 04:43:02.858,0.94375,0.94399,1.19,1.19
2014.04.07 04:43:02.959,0.94377,0.94402,1.19,1.94
2014.04.07 04:43:03.459,0.9438,0.94405,1.19,1.19
2014.04.07 04:43:04.334,0.94384,0.94405,1.50,1.19
2014.04.07 04:43:04.885,0.94374,0.94402,1.13,1.19
2014.04.07 04:43:04.991,0.94373,0.94402,1.63,1.19
2014.04.07 04:43:05.092,0.94376,0.94399,1.19,1.19
2014.04.07 04:43:05.436,0.94372,0.94396,2.44,1.19
2014.04.07 04:43:06.068,0.94376,0.94396,1.00,1.19
2014.04.07 04:43:06.219,0.94376,0.944,1.19,1.19
2014.04.07 04:43:07.192,0.94376,0.94399,2.44,1.19
2014.04.07 04:43:08.002,0.94372,0.94397,2.44,1.19
2014.04.07 04:43:10.005,0.94372,0.94396,2.44,1.19
2014.04.07 04:43:10.296,0.94372,0.94393,3.19,2.00
2014.04.07 04:43:10.447,0.94362,0.94388,1.38,1.00
2014.04.07 04:43:10.548,0.94362,0.94385,2.07,1.19
2014.04.07 04:43:11.415,0.94365,0.94385,1.50,1.19
2014.04.07 04:43:12.475,0.94365,0.94389,1.69,1.19
2014.04.07 04:43:13.460,0.94365,0.94388,1.69,1.19
2014.04.07 04:43:14.185,0.9436,0.94384,1.32,1.19
2014.04.07 04:43:15.171,0.94358,0.94384,2.82,1.19
2014.04.07 04:43:16.277,0.94359,0.94383,1.57,1.19
2014.04.07 04:43:19.094,0.9436,0.94386,1.32,1.19
2014.04.07 04:43:19.144,0.94364,0.94386,1.50,1.19
2014.04.07 04:43:19.447,0.94366,0.94387,1.69,1.19
2014.04.07 04:43:20.431,0.94366,0.94391,1.69,1.19
2014.04.07 04:43:22.164,0.94366,0.94386,1.50,1.19
2014.04.07 04:43:22.215,0.9436,0.94386,1.69,1.19
2014.04.07 04:43:22.342,0.94362,0.94386,1.57,1.19
2014.04.07 04:43:23.190,0.94366,0.94386,1.50,1.19
2014.04.07 04:43:23.391,0.94366,0.94389,1.69,1.19
2014.04.07 04:43:25.009,0.94366,0.94389,2.07,1.00
2014.04.07 04:43:25.210,0.94371,0.94385,1.00,1.00
2014.04.07 04:43:25.343,0.94371,0.94391,2.25,1.19
2014.04.07 04:43:25.714,0.94371,0.94394,1.19,1.69
2014.04.07 04:43:25.815,0.94372,0.94394,1.19,1.25
2014.04.07 04:43:26.135,0.94372,0.94399,1.69,1.19
2014.04.07 04:43:26.236,0.94372,0.94399,1.32,1.25
2014.04.07 04:43:26.779,0.94376,0.94398,1.13,1.00
2014.04.07 04:43:26.981,0.94376,0.94406,2.07,2.07
2014.04.07 04:43:27.381,0.94376,0.94406,2.44,1.19
2014.04.07 04:43:27.696,0.94376,0.94403,1.57,1.75
2014.04.07 04:43:27.797,0.94372,0.94398,1.57,1.19
2014.04.07 04:43:27.999,0.94373,0.94397,1.88,1.19
2014.04.07 04:43:28.104,0.94373,0.944,2.07,1.32
2014.04.07 04:43:28.636,0.94372,0.944,1.57,1.32
2014.04.07 04:43:29.006,0.94374,0.94402,1.57,1.69
2014.04.07 04:43:30.021,0.94372,0.94401,1.57,1.57
2014.04.07 04:43:31.030,0.94373,0.94401,1.57,1.19
2014.04.07 04:43:31.604,0.94373,0.94394,1.57,1.00
2014.04.07 04:43:31.705,0.9437,0.94394,1.57,1.25
2014.04.07 04:43:32.673,0.94369,0.94393,1.32,1.19
2014.04.07 04:43:33.684,0.94368,0.94394,2.82,1.69
2014.04.07 04:43:34.713,0.94368,0.94394,2.82,1.69
2014.04.07 04:43:35.704,0.9437,0.94393,1.19,1.19
2014.04.07 04:43:36.718,0.94369,0.94394,1.32,1.69
2014.04.07 04:43:37.724,0.94368,0.94394,2.82,1.69
2014.04.07 04:43:38.734,0.9437,0.94394,1.19,1.69
2014.04.07 04:43:40.657,0.94371,0.94394,1.19,1.19
2014.04.07 04:43:42.506,0.94367,0.9439,1.19,1.19
2014.04.07 04:43:42.833,0.94372,0.9439,1.00,1.69
2014.04.07 04:43:44.417,0.94372,0.94392,1.00,1.94
2014.04.07 04:43:46.435,0.94372,0.94393,1.00,1.19
2014.04.07 04:43:49.462,0.94372,0.94395,1.25,1.69
2014.04.07 04:43:50.474,0.94372,0.94393,1.19,1.19
2014.04.07 04:43:52.488,0.94372,0.94393,1.25,1.19
2014.04.07 04:43:53.714,0.94372,0.94398,1.69,1.94
2014.04.07 04:43:53.946,0.94375,0.94398,1.88,1.94
2014.04.07 04:43:54.755,0.94375,0.94401,2.07,1.32
2014.04.07 04:43:56.110,0.94375,0.94401,2.07,1.32
2014.04.07 04:44:02.080,0.94375,0.944,2.07,1.19
2014.04.07 04:44:02.844,0.94377,0.944,1.00,1.19
2014.04.07 04:44:02.896,0.94377,0.94402,1.19,1.19
2014.04.07 04:44:03.300,0.9438,0.94404,1.19,1.19
2014.04.07 04:44:03.800,0.94382,0.94406,1.69,1.19
2014.04.07 04:44:04.404,0.94379,0.94405,1.57,1.19
2014.04.07 04:44:05.413,0.94379,0.94403,1.57,1.19
2014.04.07 04:44:08.397,0.94379,0.94404,1.19,1.19
2014.04.07 04:44:09.406,0.94379,0.94404,2.44,1.19
2014.04.07 04:44:10.412,0.94379,0.94405,2.44,1.19
2014.04.07 04:44:10.924,0.94378,0.94401,1.69,1.19
2014.04.07 04:44:11.235,0.94374,0.94398,1.57,1.69
2014.04.07 04:44:13.136,0.94374,0.94397,1.69,1.19
2014.04.07 04:44:13.953,0.94374,0.94398,1.50,1.00
2014.04.07 04:44:14.082,0.94374,0.94398,1.50,1.19
2014.04.07 04:44:18.200,0.94374,0.94398,1.50,1.19
2014.04.07 04:44:18.852,0.94374,0.94398,1.50,1.94
2014.04.07 04:44:19.202,0.94369,0.94394,1.88,1.32
2014.04.07 04:44:19.960,0.94369,0.94395,2.07,1.57
2014.04.07 04:44:21.419,0.94369,0.94393,2.07,1.19
2014.04.07 04:44:22.930,0.94369,0.94394,2.07,1.32
2014.04.07 04:44:24.165,0.94369,0.94394,2.07,1.19
2014.04.07 04:44:31.952,0.94371,0.94397,2.07,1.19
2014.04.07 04:44:32.254,0.94377,0.94399,1.25,1.32
2014.04.07 04:44:32.735,0.94377,0.94401,1.19,1.69
2014.04.07 04:44:33.718,0.94376,0.94402,2.07,1.19
2014.04.07 04:44:34.842,0.94376,0.94402,1.57,1.19
2014.04.07 04:44:35.744,0.94377,0.94401,1.32,1.19
2014.04.07 04:44:37.181,0.94377,0.94399,1.50,1.19
2014.04.07 04:44:37.282,0.94372,0.94399,1.57,1.19
2014.04.07 04:44:38.158,0.94374,0.94398,1.19,1.19
2014.04.07 04:44:40.171,0.94374,0.94398,1.19,1.19
2014.04.07 04:44:40.513,0.94375,0.94401,1.57,1.19
2014.04.07 04:44:41.091,0.94375,0.94401,1.57,1.19
2014.04.07 04:44:42.602,0.94377,0.94402,1.57,1.19
2014.04.07 04:44:43.498,0.94377,0.94401,2.07,1.19
2014.04.07 04:44:45.133,0.94372,0.94397,2.07,1.19
2014.04.07 04:44:45.234,0.94372,0.94398,2.82,1.19
2014.04.07 04:44:46.112,0.94372,0.94398,2.82,1.19
2014.04.07 04:44:51.043,0.94372,0.94398,2.82,1.19
2014.04.07 04:44:51.298,0.94375,0.94401,1.19,1.69
2014.04.07 04:44:52.280,0.94375,0.94399,1.19,1.19
2014.04.07 04:44:53.409,0.94377,0.944,1.19,1.32
2014.04.07 04:44:53.510,0.94375,0.94399,1.69,1.19
2014.04.07 04:44:54.421,0.94375,0.94389,1.50,1.75
2014.04.07 04:44:54.472,0.94362,0.94389,2.07,1.75
2014.04.07 04:44:54.572,0.94362,0.94389,1.69,1.75
2014.04.07 04:44:54.624,0.94362,0.94386,1.25,1.69
2014.04.07 04:44:55.031,0.94358,0.94382,2.82,1.19
2014.04.07 04:44:55.553,0.94363,0.94382,1.50,1.19
2014.04.07 04:44:56.982,0.9436,0.94381,1.50,1.19
2014.04.07 04:44:58.149,0.9436,0.94381,1.50,1.19
2014.04.07 04:44:59.155,0.9436,0.94382,1.69,1.19
2014.04.07 04:45:04.353,0.94364,0.94382,1.50,1.19
2014.04.07 04:45:04.506,0.94361,0.94383,1.50,1.19
2014.04.07 04:45:05.011,0.94361,0.94385,1.69,1.32
2014.04.07 04:45:05.918,0.94361,0.94386,1.69,1.69
2014.04.07 04:45:06.332,0.94359,0.94384,1.19,1.19
2014.04.07 04:45:06.913,0.94358,0.94383,1.19,1.19
2014.04.07 04:45:07.837,0.94357,0.94384,2.44,1.32
2014.04.07 04:45:08.799,0.94362,0.94384,1.00,1.32
2014.04.07 04:45:09.629,0.94362,0.94384,1.00,1.19
2014.04.07 04:45:11.983,0.94362,0.94386,1.25,1.69
2014.04.07 04:45:15.107,0.94366,0.94389,1.25,1.32
2014.04.07 04:45:17.014,0.94366,0.94391,1.69,1.19
2014.04.07 04:45:18.019,0.94366,0.94392,1.69,1.19
2014.04.07 04:45:22.107,0.94366,0.94388,1.19,1.19
2014.04.07 04:45:22.413,0.94367,0.94391,1.19,1.19
2014.04.07 04:45:23.419,0.94366,0.94391,1.19,1.19
2014.04.07 04:45:25.331,0.94367,0.94391,1.19,1.19
2014.04.07 04:45:28.380,0.94367,0.94391,1.19,1.19
2014.04.07 04:45:29.450,0.94366,0.94391,1.19,1.19
2014.04.07 04:45:30.309,0.94366,0.94391,1.19,1.94
2014.04.07 04:45:30.557,0.94362,0.94388,2.07,1.32
2014.04.07 04:45:32.602,0.94362,0.94386,1.69,1.19
2014.04.07 04:45:37.432,0.94362,0.94387,1.19,1.19
2014.04.07 04:45:38.678,0.94362,0.94383,1.25,1.19
2014.04.07 04:45:39.439,0.94362,0.94386,1.69,1.19
2014.04.07 04:45:40.751,0.94362,0.94388,1.69,1.19
2014.04.07 04:45:41.299,0.94369,0.94388,2.10,1.19
2014.04.07 04:45:41.400,0.94371,0.94394,1.60,3.19
2014.04.07 04:45:41.556,0.94373,0.94397,1.69,1.32
2014.04.07 04:45:43.463,0.94372,0.94396,1.19,1.19
2014.04.07 04:45:43.659,0.94372,0.94392,1.19,2.25
2014.04.07 04:45:43.710,0.94362,0.94392,1.63,3.19
2014.04.07 04:45:44.096,0.9436,0.94386,1.32,1.19
2014.04.07 04:45:46.006,0.94359,0.94385,1.57,1.19
2014.04.07 04:45:48.122,0.9436,0.94384,1.32,1.19
2014.04.07 04:45:49.127,0.9436,0.94386,1.32,1.19
2014.04.07 04:45:55.814,0.94364,0.94388,1.19,1.32
2014.04.07 04:45:59.618,0.94364,0.94383,1.19,1.00
2014.04.07 04:45:59.669,0.9436,0.94383,1.19,1.19
2014.04.07 04:46:00.745,0.9436,0.94383,1.19,1.19
2014.04.07 04:46:01.951,0.9436,0.94383,1.19,1.19
2014.04.07 04:46:04.677,0.94359,0.94383,1.19,1.19
2014.04.07 04:46:04.778,0.94357,0.94383,2.44,1.69
2014.04.07 04:46:05.111,0.94354,0.94378,1.19,1.19
2014.04.07 04:46:08.109,0.94354,0.94378,1.19,1.19
2014.04.07 04:46:10.219,0.9435,0.94374,1.32,1.19
2014.04.07 04:46:12.126,0.94351,0.94376,1.19,1.19
2014.04.07 04:46:13.139,0.94354,0.9438,1.19,1.94
2014.04.07 04:46:14.136,0.94357,0.9438,1.19,1.94
2014.04.07 04:46:14.952,0.94357,0.9438,1.19,1.19
2014.04.07 04:46:16.150,0.94357,0.9438,1.69,1.19
2014.04.07 04:46:18.191,0.94357,0.94382,1.19,1.19
2014.04.07 04:46:19.195,0.94358,0.94382,1.19,1.19
2014.04.07 04:46:20.448,0.94354,0.94378,1.19,1.19
2014.04.07 04:46:21.407,0.94353,0.94379,1.19,1.19
2014.04.07 04:46:24.418,0.94348,0.94375,1.57,1.19
2014.04.07 04:46:24.569,0.94352,0.94376,1.19,1.19
2014.04.07 04:46:25.547,0.94349,0.94375,1.19,1.19
2014.04.07 04:46:28.978,0.94353,0.94377,1.19,1.19
2014.04.07 04:46:29.949,0.94353,0.94379,1.19,1.19
2014.04.07 04:46:30.954,0.94354,0.94378,1.19,1.19
2014.04.07 04:46:31.707,0.94351,0.94377,1.19,1.19
2014.04.07 04:46:32.692,0.94352,0.94376,1.19,1.19
2014.04.07 04:46:34.700,0.94351,0.94377,1.19,1.19
2014.04.07 04:46:35.705,0.94353,0.94379,1.19,2.44
2014.04.07 04:46:37.714,0.94353,0.94379,1.19,2.44
2014.04.07 04:46:41.735,0.94354,0.94378,1.19,1.32
2014.04.07 04:46:45.380,0.94352,0.94377,2.44,1.19
2014.04.07 04:46:46.417,0.94348,0.94373,1.57,1.19
2014.04.07 04:46:47.373,0.94351,0.94376,1.19,1.19
2014.04.07 04:46:47.898,0.94349,0.94376,1.19,1.19
2014.04.07 04:46:49.505,0.94351,0.94376,1.19,1.19
2014.04.07 04:46:50.519,0.94351,0.94377,1.19,1.19
2014.04.07 04:46:51.514,0.94351,0.94375,1.19,1.19
2014.04.07 04:46:52.527,0.94349,0.94375,1.19,1.19
2014.04.07 04:46:56.040,0.94351,0.94374,1.19,1.19
2014.04.07 04:46:56.669,0.94353,0.94377,1.19,1.32
2014.04.07 04:46:56.770,0.9435,0.94376,1.19,1.19
2014.04.07 04:47:00.693,0.94351,0.94377,1.69,1.32
2014.04.07 04:47:01.699,0.94352,0.94378,1.19,1.69
2014.04.07 04:47:02.706,0.94353,0.94379,1.19,1.94
2014.04.07 04:47:04.918,0.94353,0.94379,1.19,1.94
2014.04.07 04:47:05.923,0.94352,0.94379,1.19,1.94
2014.04.07 04:47:06.930,0.94353,0.9438,1.19,1.94
2014.04.07 04:47:08.768,0.94351,0.94376,2.44,1.19
2014.04.07 04:47:10.678,0.94352,0.94379,1.19,1.94
2014.04.07 04:47:11.176,0.94351,0.94376,3.19,1.19
2014.04.07 04:47:12.691,0.94351,0.94378,3.19,1.32
2014.04.07 04:47:13.695,0.94351,0.94377,2.44,1.19
2014.04.07 04:47:17.715,0.94351,0.94376,3.19,1.19
2014.04.07 04:47:21.267,0.94351,0.94379,2.82,1.69
2014.04.07 04:47:21.368,0.94356,0.94379,1.00,1.69
2014.04.07 04:47:21.570,0.94356,0.94383,1.19,1.19
2014.04.07 04:47:21.671,0.94356,0.94382,3.19,1.19
2014.04.07 04:47:22.026,0.94358,0.94382,1.19,1.19
2014.04.07 04:47:22.973,0.94356,0.94383,3.19,1.19
2014.04.07 04:47:23.985,0.94356,0.94383,3.19,1.19
2014.04.07 04:47:26.894,0.94359,0.94385,1.19,1.57
2014.04.07 04:47:28.003,0.94357,0.94384,1.19,1.19
2014.04.07 04:47:29.917,0.94358,0.94383,1.19,1.19
2014.04.07 04:47:31.932,0.94359,0.94386,1.19,1.69
2014.04.07 04:47:38.667,0.94356,0.94383,3.57,1.19
2014.04.07 04:47:40.579,0.94357,0.94384,1.19,1.19
2014.04.07 04:47:41.607,0.94362,0.94383,1.00,1.19
2014.04.07 04:47:42.137,0.94361,0.94383,1.13,1.19
2014.04.07 04:47:42.956,0.94361,0.94383,1.32,1.19
2014.04.07 04:47:44.643,0.94361,0.94383,1.25,1.19
2014.04.07 04:47:45.651,0.94361,0.94384,1.19,1.19
2014.04.07 04:47:46.655,0.94361,0.94385,1.19,1.19
2014.04.07 04:47:48.368,0.94363,0.94385,1.50,1.19
2014.04.07 04:47:48.700,0.94363,0.94386,1.69,1.19
2014.04.07 04:47:49.670,0.94363,0.94386,1.69,1.19
2014.04.07 04:47:49.771,0.94361,0.94385,1.57,1.19
2014.04.07 04:47:51.719,0.94358,0.94385,1.19,1.19
2014.04.07 04:47:52.699,0.94357,0.94383,1.19,1.19
2014.04.07 04:47:53.697,0.94357,0.94383,1.19,1.19
2014.04.07 04:47:54.731,0.94357,0.94382,1.69,1.19
2014.04.07 04:47:56.252,0.94358,0.94384,1.19,1.19
2014.04.07 04:47:56.640,0.94362,0.94386,1.19,1.19
2014.04.07 04:47:58.101,0.94366,0.94386,1.00,1.19
2014.04.07 04:47:58.152,0.94366,0.94389,1.25,1.94
2014.04.07 04:47:58.353,0.94366,0.94391,2.44,1.19
2014.04.07 04:47:58.656,0.94369,0.94393,1.19,1.32
2014.04.07 04:47:59.556,0.94369,0.94393,1.19,1.32
2014.04.07 04:48:00.260,0.94371,0.94397,1.19,1.19
2014.04.07 04:48:00.796,0.94375,0.94401,1.25,1.94
2014.04.07 04:48:00.911,0.94375,0.94393,1.25,1.00
2014.04.07 04:48:01.407,0.9437,0.94393,1.19,1.69
2014.04.07 04:48:02.376,0.94368,0.94392,1.19,1.32
2014.04.07 04:48:04.384,0.94367,0.94393,1.19,2.44
2014.04.07 04:48:05.188,0.94365,0.94391,1.32,1.32
2014.04.07 04:48:05.705,0.94366,0.94392,2.29,1.57
2014.04.07 04:48:05.756,0.9437,0.94394,1.19,1.94
2014.04.07 04:48:05.907,0.94375,0.94399,1.50,1.19
2014.04.07 04:48:05.957,0.94375,0.94396,1.50,1.19
2014.04.07 04:48:06.029,0.94375,0.94399,1.50,1.19
2014.04.07 04:48:06.180,0.94375,0.94401,2.82,1.19
2014.04.07 04:48:07.236,0.94377,0.94403,1.32,1.57
2014.04.07 04:48:07.896,0.94377,0.94396,1.32,1.75
2014.04.07 04:48:07.947,0.94369,0.94396,1.57,1.75
2014.04.07 04:48:08.048,0.94369,0.94395,1.57,1.75
2014.04.07 04:48:08.586,0.94367,0.94394,1.69,1.94
2014.04.07 04:48:08.746,0.94367,0.94392,1.69,1.32
2014.04.07 04:48:09.450,0.94364,0.9439,1.57,1.19
2014.04.07 04:48:10.257,0.94363,0.94386,2.07,1.19
2014.04.07 04:48:11.261,0.94363,0.94387,2.07,1.32
2014.04.07 04:48:16.256,0.94363,0.94387,2.07,1.32
2014.04.07 04:48:17.261,0.94363,0.94386,2.07,1.19
2014.04.07 04:48:18.026,0.94363,0.94386,2.07,1.19
2014.04.07 04:48:19.475,0.94364,0.94388,1.57,1.94
2014.04.07 04:48:19.813,0.94366,0.94391,1.57,1.19
2014.04.07 04:48:19.922,0.94366,0.94391,1.57,1.19
2014.04.07 04:48:20.102,0.94368,0.94396,1.57,1.19
2014.04.07 04:48:20.587,0.9437,0.944,1.57,1.69
2014.04.07 04:48:21.335,0.94377,0.944,1.00,1.69
2014.04.07 04:48:21.537,0.94377,0.94401,1.00,1.19
2014.04.07 04:48:22.499,0.94377,0.944,1.00,1.19
2014.04.07 04:48:23.504,0.94377,0.94399,1.25,1.19
2014.04.07 04:48:24.508,0.94377,0.944,1.00,1.19
2014.04.07 04:48:26.396,0.94377,0.944,1.00,2.44
2014.04.07 04:48:27.474,0.94377,0.94399,1.00,1.19
2014.04.07 04:48:29.458,0.94377,0.94398,1.00,1.19
2014.04.07 04:48:35.494,0.94377,0.94397,1.00,1.19
2014.04.07 04:48:37.608,0.94377,0.94398,1.00,1.19
2014.04.07 04:48:38.386,0.94377,0.94394,1.00,1.75
2014.04.07 04:48:39.265,0.94377,0.94395,1.00,1.19
2014.04.07 04:48:39.316,0.94377,0.94391,1.00,1.00
2014.04.07 04:48:39.417,0.94376,0.94396,1.00,1.19
2014.04.07 04:48:39.468,0.94376,0.94393,1.00,1.19
2014.04.07 04:48:39.686,0.94377,0.94396,1.00,1.19
2014.04.07 04:48:40.656,0.94377,0.94398,1.00,1.19
2014.04.07 04:48:41.662,0.94377,0.944,1.00,1.19
2014.04.07 04:48:42.668,0.94377,0.94398,1.00,1.19
2014.04.07 04:48:43.105,0.94371,0.94398,1.19,1.69
2014.04.07 04:48:43.206,0.94369,0.94395,1.32,1.69
2014.04.07 04:48:43.574,0.94367,0.94391,2.07,1.19
2014.04.07 04:48:44.580,0.94367,0.94389,1.19,1.19
2014.04.07 04:48:45.185,0.94362,0.94387,1.57,1.19
2014.04.07 04:48:46.187,0.94362,0.94387,2.44,1.19
2014.04.07 04:48:48.196,0.94362,0.94387,2.44,1.19
2014.04.07 04:48:49.134,0.94362,0.94387,2.82,1.19
2014.04.07 04:48:50.140,0.94362,0.94388,2.07,2.07
2014.04.07 04:48:54.164,0.94362,0.94389,2.07,1.57
2014.04.07 04:48:55.170,0.94362,0.94388,2.07,1.19
2014.04.07 04:48:56.174,0.94362,0.94386,1.69,1.19
2014.04.07 04:48:57.178,0.94362,0.94386,1.69,1.19
2014.04.07 04:48:58.183,0.94362,0.94385,1.69,1.19
2014.04.07 04:49:02.173,0.94362,0.94386,1.69,1.19
2014.04.07 04:49:03.287,0.94362,0.94387,1.69,1.19
2014.04.07 04:49:05.015,0.94362,0.94388,2.44,1.19
2014.04.07 04:49:06.212,0.94362,0.94387,3.19,1.19
2014.04.07 04:49:09.213,0.94362,0.94387,2.44,1.19
2014.04.07 04:49:10.220,0.94362,0.94388,3.19,1.19
2014.04.07 04:49:12.327,0.94362,0.94386,3.19,1.19
2014.04.07 04:49:16.252,0.94362,0.94388,1.69,1.19
2014.04.07 04:49:17.262,0.94362,0.94387,1.69,1.19
2014.04.07 04:49:19.296,0.94362,0.94387,1.69,1.19
2014.04.07 04:49:21.305,0.94362,0.94386,2.44,1.19
2014.04.07 04:49:22.108,0.94363,0.94389,1.19,2.07
2014.04.07 04:49:24.121,0.94366,0.94389,1.69,1.32
2014.04.07 04:49:25.630,0.94366,0.94385,1.50,1.19
2014.04.07 04:49:25.681,0.94362,0.94385,1.57,1.19
2014.04.07 04:49:26.636,0.94362,0.94384,1.63,1.19
2014.04.07 04:49:27.164,0.94362,0.94384,1.25,1.19
2014.04.07 04:49:27.699,0.9436,0.94385,2.82,1.19
2014.04.07 04:49:29.686,0.9436,0.94385,2.07,1.19
2014.04.07 04:49:30.005,0.94362,0.94387,1.32,1.19
2014.04.07 04:49:30.416,0.94366,0.94387,1.50,1.19
2014.04.07 04:49:31.001,0.94366,0.94389,1.69,1.19
2014.04.07 04:49:32.007,0.94366,0.94388,1.69,1.19
2014.04.07 04:49:37.075,0.94366,0.9439,1.69,1.19
2014.04.07 04:49:37.977,0.94366,0.9439,1.69,1.19
2014.04.07 04:49:39.988,0.94366,0.94389,1.69,1.19
2014.04.07 04:49:42.003,0.94366,0.9439,1.69,1.19
2014.04.07 04:49:51.081,0.94366,0.94388,1.69,1.19
2014.04.07 04:49:52.087,0.94366,0.94388,1.50,1.19
2014.04.07 04:49:55.106,0.94366,0.94389,1.69,1.19
2014.04.07 04:50:03.174,0.94366,0.94389,1.69,1.19
2014.04.07 04:50:03.658,0.94374,0.94389,1.50,1.19
2014.04.07 04:50:03.709,0.94374,0.94398,1.50,1.10
2014.04.07 04:50:03.810,0.94375,0.94398,1.19,1.00
2014.04.07 04:50:03.860,0.94375,0.94402,1.79,1.00
2014.04.07 04:50:03.911,0.9438,0.94402,1.19,1.00
2014.04.07 04:50:04.163,0.9438,0.94405,1.19,1.19
2014.04.07 04:50:04.388,0.94377,0.94403,1.54,1.19
2014.04.07 04:50:05.435,0.94381,0.94403,1.00,1.19
2014.04.07 04:50:06.645,0.94377,0.94403,1.69,1.19
2014.04.07 04:50:06.951,0.94377,0.94399,1.19,1.19
2014.04.07 04:50:07.905,0.94377,0.94401,1.25,1.19
2014.04.07 04:50:10.941,0.94377,0.944,1.19,1.19
2014.04.07 04:50:11.649,0.94377,0.94403,1.25,1.19
2014.04.07 04:50:11.751,0.94377,0.944,1.25,1.19
2014.04.07 04:50:14.969,0.94377,0.94399,1.19,1.19
2014.04.07 04:50:15.975,0.94377,0.94401,1.25,1.19
2014.04.07 04:50:17.990,0.94377,0.944,1.19,1.19
2014.04.07 04:50:19.925,0.94377,0.94402,1.25,1.19
2014.04.07 04:50:20.930,0.94377,0.944,1.19,1.19
2014.04.07 04:50:23.482,0.94371,0.94401,1.88,1.25
2014.04.07 04:50:23.784,0.94371,0.944,1.32,1.19
2014.04.07 04:50:24.093,0.94371,0.94396,1.13,1.19
2014.04.07 04:50:24.414,0.94367,0.94396,1.57,1.19
2014.04.07 04:50:24.815,0.94367,0.94396,1.57,1.19
2014.04.07 04:50:26.052,0.94367,0.94394,1.57,1.19
2014.04.07 04:50:28.059,0.94367,0.94394,1.57,1.19
2014.04.07 04:50:30.068,0.94367,0.94397,1.38,1.00
2014.04.07 04:50:31.073,0.94367,0.94397,1.38,1.19
2014.04.07 04:50:32.077,0.94367,0.94397,1.38,1.69
2014.04.07 04:50:33.641,0.94367,0.94397,1.38,1.69
2014.04.07 04:50:34.094,0.94367,0.94394,1.38,1.19
2014.04.07 04:50:37.015,0.94367,0.94395,1.38,1.19
2014.04.07 04:50:39.604,0.94367,0.94395,1.38,1.19
2014.04.07 04:50:40.033,0.94367,0.94391,1.38,1.19
2014.04.07 04:50:40.736,0.94367,0.94391,1.00,1.19
2014.04.07 04:50:41.044,0.94362,0.94389,2.44,1.19
2014.04.07 04:50:42.363,0.94362,0.94389,2.44,1.19
2014.04.07 04:50:43.068,0.94363,0.94388,1.94,1.19
2014.04.07 04:50:43.713,0.94363,0.94388,1.69,1.19
2014.04.07 04:50:45.080,0.94362,0.94393,1.94,1.19
2014.04.07 04:50:46.087,0.94362,0.94395,2.00,1.19
2014.04.07 04:50:48.098,0.94362,0.94396,1.88,1.19
2014.04.07 04:50:48.834,0.94365,0.94395,1.00,1.19
2014.04.07 04:50:49.706,0.94361,0.94394,1.13,1.19
2014.04.07 04:50:50.608,0.94361,0.94392,1.32,1.19
2014.04.07 04:50:58.679,0.94365,0.94395,1.00,1.25
2014.04.07 04:50:59.687,0.94362,0.94395,1.13,1.19
2014.04.07 04:51:00.338,0.94367,0.94392,1.00,1.19
2014.04.07 04:51:01.401,0.94367,0.94395,1.32,1.19
2014.04.07 04:51:01.932,0.94365,0.94395,1.32,1.19
2014.04.07 04:51:03.208,0.94365,0.94396,1.32,1.19
2014.04.07 04:51:05.239,0.94367,0.94397,1.19,1.19
2014.04.07 04:51:06.244,0.94367,0.94396,1.69,1.19
2014.04.07 04:51:07.251,0.94367,0.94394,1.69,1.19
2014.04.07 04:51:08.257,0.94367,0.94396,1.69,1.19
2014.04.07 04:51:09.260,0.94367,0.94395,1.69,1.19
2014.04.07 04:51:10.367,0.94366,0.94395,1.94,1.19
2014.04.07 04:51:11.875,0.94367,0.94395,1.57,1.19
2014.04.07 04:51:12.624,0.94367,0.94388,1.57,1.00
2014.04.07 04:51:12.725,0.94362,0.94388,1.57,1.25
2014.04.07 04:51:12.776,0.94362,0.94386,1.57,1.75
2014.04.07 04:51:12.927,0.9436,0.94386,1.19,1.19
2014.04.07 04:51:13.104,0.94362,0.94389,2.07,1.19
2014.04.07 04:51:13.703,0.94365,0.94391,1.19,1.19
2014.04.07 04:51:14.593,0.94372,0.94391,1.00,1.19
2014.04.07 04:51:14.822,0.94372,0.94394,1.00,1.19
2014.04.07 04:51:15.033,0.94367,0.94394,1.92,1.19
2014.04.07 04:51:15.362,0.94371,0.94394,1.00,1.19
2014.04.07 04:51:15.627,0.94371,0.94396,1.19,1.19
2014.04.07 04:51:16.632,0.94371,0.94395,1.19,1.19
2014.04.07 04:51:17.274,0.94367,0.94394,2.07,1.19
2014.04.07 04:51:17.833,0.94371,0.94394,1.00,1.19
2014.04.07 04:51:18.332,0.94377,0.94394,1.00,1.19
2014.04.07 04:51:18.383,0.94377,0.94396,1.00,1.19
2014.04.07 04:51:18.546,0.94377,0.94398,1.00,1.19
2014.04.07 04:51:18.995,0.94369,0.94395,1.19,2.07
2014.04.07 04:51:19.048,0.94367,0.94392,1.25,1.19
2014.04.07 04:51:19.373,0.94371,0.94396,1.25,1.19
2014.04.07 04:51:19.802,0.94373,0.94399,1.19,1.19
2014.04.07 04:51:20.364,0.9437,0.94394,1.57,1.19
2014.04.07 04:51:20.974,0.94367,0.94391,1.19,1.19
2014.04.07 04:51:21.969,0.94366,0.94391,2.44,1.19
2014.04.07 04:51:22.974,0.94366,0.9439,3.19,1.19
2014.04.07 04:51:23.978,0.94368,0.94392,1.19,1.19
2014.04.07 04:51:25.082,0.94368,0.94394,1.19,1.19
2014.04.07 04:51:26.803,0.94372,0.94394,1.00,1.19
2014.04.07 04:51:27.178,0.94373,0.94397,1.19,1.69
2014.04.07 04:51:27.703,0.94377,0.94397,1.00,1.19
2014.04.07 04:51:27.920,0.94377,0.944,1.00,1.19
2014.04.07 04:51:28.929,0.94377,0.94401,1.19,1.19
2014.04.07 04:51:32.946,0.94377,0.94401,1.25,1.19
2014.04.07 04:51:34.883,0.94372,0.94398,1.19,1.19
2014.04.07 04:51:35.863,0.94373,0.94396,1.19,1.69
2014.04.07 04:51:36.494,0.94373,0.94396,1.19,2.44
2014.04.07 04:51:36.594,0.94371,0.94394,1.19,1.69
2014.04.07 04:51:36.695,0.94371,0.9439,1.00,1.19
2014.04.07 04:51:36.869,0.94371,0.94393,1.19,1.32
2014.04.07 04:51:37.515,0.94366,0.94391,1.19,1.19
2014.04.07 04:51:38.735,0.94365,0.94391,1.19,1.19
2014.04.07 04:51:39.505,0.94366,0.9439,1.19,1.19
2014.04.07 04:51:43.243,0.94363,0.94391,2.29,1.19
2014.04.07 04:51:45.530,0.94363,0.94389,1.92,1.19
2014.04.07 04:51:48.541,0.94365,0.94389,1.19,1.19
2014.04.07 04:51:49.547,0.94364,0.9439,1.54,1.19
2014.04.07 04:51:50.554,0.94364,0.94391,1.54,1.19
2014.04.07 04:51:52.561,0.94365,0.94389,1.19,1.19
2014.04.07 04:51:52.983,0.94362,0.94387,1.57,1.19
2014.04.07 04:51:53.193,0.94357,0.94387,2.24,1.19
2014.04.07 04:51:53.312,0.94362,0.94387,1.00,1.19
2014.04.07 04:51:54.169,0.94362,0.94386,1.25,1.19
2014.04.07 04:51:54.591,0.94356,0.94384,2.07,1.19
2014.04.07 04:51:55.394,0.94355,0.94383,1.69,1.19
2014.04.07 04:51:56.399,0.94356,0.94382,1.19,1.19
2014.04.07 04:51:59.415,0.94357,0.94386,1.19,1.19
2014.04.07 04:52:02.603,0.94362,0.94386,1.00,1.19
2014.04.07 04:52:03.113,0.94362,0.94385,1.00,1.19
2014.04.07 04:52:03.938,0.94362,0.94386,1.25,1.19
2014.04.07 04:52:04.942,0.94362,0.94385,1.19,1.19
2014.04.07 04:52:05.966,0.94362,0.94383,1.19,2.00
2014.04.07 04:52:06.497,0.94362,0.94382,1.00,1.94
2014.04.07 04:52:07.960,0.94362,0.94382,1.00,1.19
2014.04.07 04:52:08.287,0.94362,0.94384,1.00,1.19
2014.04.07 04:52:09.089,0.94362,0.94385,1.19,1.19
2014.04.07 04:52:10.096,0.94362,0.94386,1.69,1.19
2014.04.07 04:52:12.023,0.94362,0.94385,1.19,1.19
2014.04.07 04:52:13.115,0.94363,0.94386,1.19,1.19
2014.04.07 04:52:13.679,0.94363,0.94384,1.19,2.44
2014.04.07 04:52:13.729,0.94362,0.94384,1.00,2.44
2014.04.07 04:52:14.101,0.94362,0.94384,1.19,1.19
2014.04.07 04:52:14.929,0.94357,0.94384,2.29,1.19
2014.04.07 04:52:15.934,0.94357,0.94383,1.54,1.19
2014.04.07 04:52:17.946,0.94357,0.94382,2.29,1.19
2014.04.07 04:52:18.273,0.94362,0.94382,1.00,1.19
2014.04.07 04:52:19.822,0.94358,0.94382,1.19,1.19
2014.04.07 04:52:20.881,0.94355,0.94382,1.79,1.19
2014.04.07 04:52:21.888,0.94357,0.94384,1.05,1.19
2014.04.07 04:52:22.893,0.94356,0.94384,2.29,1.19
2014.04.07 04:52:25.908,0.94357,0.94385,1.05,1.69
2014.04.07 04:52:28.118,0.94356,0.94384,1.79,1.19
2014.04.07 04:52:29.928,0.94357,0.94382,1.54,1.19
2014.04.07 04:52:31.053,0.94356,0.9438,1.79,1.19
2014.04.07 04:52:34.971,0.94357,0.94381,1.54,1.19
2014.04.07 04:52:39.990,0.94357,0.94383,1.54,1.19
2014.04.07 04:52:41.000,0.94357,0.94387,1.54,1.69
2014.04.07 04:52:41.651,0.94356,0.94383,1.19,1.50
2014.04.07 04:52:42.004,0.94356,0.94381,1.69,1.19
2014.04.07 04:52:43.018,0.94357,0.9438,1.19,1.19
2014.04.07 04:52:44.053,0.94356,0.94382,1.19,1.19
2014.04.07 04:52:44.577,0.94356,0.9438,1.19,1.94
2014.04.07 04:52:44.878,0.94352,0.94377,1.69,1.19
2014.04.07 04:52:45.803,0.94352,0.94378,1.69,1.32
2014.04.07 04:52:46.669,0.94355,0.94379,1.19,2.44
2014.04.07 04:52:47.677,0.94356,0.9438,1.19,1.19
2014.04.07 04:52:49.032,0.94353,0.94377,1.19,1.19
2014.04.07 04:52:49.331,0.94352,0.94378,1.19,2.44
2014.04.07 04:52:50.294,0.94352,0.94377,1.19,1.19
2014.04.07 04:52:51.301,0.94352,0.94376,1.25,1.19
2014.04.07 04:52:56.059,0.94349,0.94377,1.19,1.19
2014.04.07 04:53:02.392,0.94352,0.94377,1.00,1.19
2014.04.07 04:53:02.812,0.94352,0.9438,1.00,1.25
2014.04.07 04:53:02.913,0.94352,0.94379,1.25,1.69
2014.04.07 04:53:03.591,0.94348,0.94375,1.19,1.19
2014.04.07 04:53:03.654,0.94351,0.94378,1.19,1.19
2014.04.07 04:53:04.719,0.94351,0.94381,1.69,1.19
2014.04.07 04:53:05.035,0.94356,0.94381,1.00,1.19
2014.04.07 04:53:05.625,0.94356,0.94381,1.19,1.19
2014.04.07 04:53:05.932,0.94362,0.94381,1.00,1.19
2014.04.07 04:53:06.452,0.94359,0.94383,1.19,1.19
2014.04.07 04:53:07.137,0.94356,0.94384,1.19,1.19
2014.04.07 04:53:07.801,0.94356,0.94376,1.19,1.75
2014.04.07 04:53:07.953,0.94353,0.94376,1.19,2.25
2014.04.07 04:53:08.054,0.94352,0.94376,1.19,1.94
2014.04.07 04:53:08.154,0.94356,0.94373,1.00,1.94
2014.04.07 04:53:08.356,0.94352,0.94375,1.19,1.19
2014.04.07 04:53:08.473,0.94352,0.94379,1.69,1.19
2014.04.07 04:53:08.681,0.94356,0.94381,1.19,1.69
2014.04.07 04:53:09.681,0.94361,0.94383,1.00,1.19
2014.04.07 04:53:10.341,0.94356,0.94383,1.19,1.19
2014.04.07 04:53:10.603,0.94355,0.94378,1.19,1.19
2014.04.07 04:53:11.013,0.94351,0.94375,1.19,2.07
2014.04.07 04:53:11.214,0.94349,0.94373,1.19,2.44
2014.04.07 04:53:11.370,0.94347,0.94372,1.19,1.19
2014.04.07 04:53:12.392,0.94346,0.94363,1.19,1.50
2014.04.07 04:53:12.442,0.94343,0.94363,1.19,1.50
2014.04.07 04:53:12.493,0.94343,0.94369,1.19,1.32
2014.04.07 04:53:13.406,0.94341,0.94367,1.69,1.19
2014.04.07 04:53:13.912,0.94345,0.94369,1.19,1.19
2014.04.07 04:53:14.013,0.94348,0.94372,1.19,1.19
2014.04.07 04:53:14.562,0.9435,0.94376,1.19,1.19
2014.04.07 04:53:15.621,0.9435,0.94377,1.19,1.19
2014.04.07 04:53:16.830,0.94361,0.94377,1.00,1.19
2014.04.07 04:53:17.034,0.94361,0.9438,1.00,1.19
2014.04.07 04:53:17.161,0.94361,0.94382,1.00,1.19
2014.04.07 04:53:17.790,0.94358,0.94382,1.19,1.19
2014.04.07 04:53:18.624,0.94357,0.94383,1.19,1.69
2014.04.07 04:53:19.140,0.94358,0.94382,1.19,1.19
2014.04.07 04:53:19.744,0.94355,0.94381,1.19,1.57
2014.04.07 04:53:19.861,0.94355,0.94375,1.19,1.50
2014.04.07 04:53:19.946,0.94352,0.94375,1.19,1.69
2014.04.07 04:53:20.700,0.94349,0.94375,1.19,2.44
2014.04.07 04:53:20.952,0.94352,0.94376,1.69,1.19
2014.04.07 04:53:23.004,0.94348,0.94373,1.19,1.69
2014.04.07 04:53:24.010,0.94346,0.94372,1.69,1.19
2014.04.07 04:53:25.018,0.94346,0.94372,1.69,1.19
2014.04.07 04:53:29.039,0.94347,0.94373,1.19,2.44
2014.04.07 04:53:31.051,0.94348,0.94372,1.19,1.19
2014.04.07 04:53:39.803,0.94346,0.94372,1.69,1.19
2014.04.07 04:53:42.141,0.94346,0.94373,1.19,2.44
2014.04.07 04:53:42.320,0.94352,0.94373,1.00,2.44
2014.04.07 04:53:43.422,0.94352,0.94375,1.25,2.44
2014.04.07 04:53:45.480,0.94348,0.94372,1.19,2.44
2014.04.07 04:53:46.437,0.94347,0.94371,1.19,1.19
2014.04.07 04:53:46.661,0.94348,0.94374,1.19,2.44
2014.04.07 04:53:46.871,0.94352,0.94374,1.00,2.44
2014.04.07 04:53:47.645,0.94352,0.94374,1.25,1.69
2014.04.07 04:53:49.579,0.94347,0.94373,1.69,2.44
2014.04.07 04:53:49.894,0.94344,0.9437,1.19,2.44
2014.04.07 04:53:50.880,0.94344,0.94367,1.19,1.50
2014.04.07 04:53:51.889,0.94345,0.94367,1.19,1.69
2014.04.07 04:53:53.900,0.94344,0.94367,1.19,2.44
2014.04.07 04:53:54.202,0.94346,0.9437,1.69,2.44
2014.04.07 04:53:54.505,0.94349,0.94372,1.19,1.19
2014.04.07 04:53:57.519,0.94351,0.94373,1.19,1.19
2014.04.07 04:53:58.144,0.94347,0.9437,1.19,1.19
2014.04.07 04:54:00.031,0.94347,0.9437,1.19,1.57
2014.04.07 04:54:01.062,0.94347,0.94371,1.25,1.69
2014.04.07 04:54:02.068,0.94347,0.94371,1.19,1.19
2014.04.07 04:54:02.168,0.94351,0.94371,1.00,1.19
2014.04.07 04:54:03.076,0.94351,0.94373,1.00,1.19
2014.04.07 04:54:05.083,0.94351,0.94374,1.25,1.19
2014.04.07 04:54:07.093,0.94351,0.94373,1.00,1.19
2014.04.07 04:54:09.508,0.94351,0.94375,1.69,1.32
2014.04.07 04:54:09.811,0.94357,0.94375,1.00,1.32
2014.04.07 04:54:09.912,0.94356,0.94379,1.00,1.32
2014.04.07 04:54:10.100,0.94356,0.9438,1.00,1.19
2014.04.07 04:54:10.201,0.94361,0.9438,1.00,1.19
2014.04.07 04:54:10.822,0.94361,0.94381,1.00,1.19
2014.04.07 04:54:11.371,0.94361,0.94382,1.25,1.19
2014.04.07 04:54:11.631,0.94353,0.94379,1.50,3.19
2014.04.07 04:54:11.732,0.94346,0.94373,1.19,1.50
2014.04.07 04:54:11.833,0.94352,0.94372,1.00,1.19
2014.04.07 04:54:11.934,0.94353,0.94376,1.19,1.32
2014.04.07 04:54:12.019,0.94352,0.94373,1.19,1.19
2014.04.07 04:54:12.425,0.94353,0.94377,1.19,1.94
2014.04.07 04:54:13.359,0.94357,0.94377,1.00,1.19
2014.04.07 04:54:13.410,0.94357,0.94382,1.25,1.77
2014.04.07 04:54:13.968,0.94354,0.94379,1.19,1.19
2014.04.07 04:54:14.171,0.94349,0.94378,1.19,1.19
2014.04.07 04:54:14.881,0.94346,0.94373,1.19,1.19
2014.04.07 04:54:15.229,0.94344,0.94371,1.19,1.19
2014.04.07 04:54:16.186,0.94345,0.94369,1.19,1.19
2014.04.07 04:54:16.571,0.94351,0.94369,1.00,1.19
2014.04.07 04:54:16.722,0.94351,0.94374,1.25,1.19
2014.04.07 04:54:17.394,0.94345,0.9437,1.19,1.19
2014.04.07 04:54:19.408,0.94346,0.9437,1.19,1.19
2014.04.07 04:54:21.641,0.94347,0.94372,1.19,1.19
2014.04.07 04:54:22.446,0.94348,0.94373,1.19,1.19
2014.04.07 04:54:23.453,0.94349,0.94373,1.19,1.19
2014.04.07 04:54:24.459,0.94348,0.94372,1.19,1.19
2014.04.07 04:54:25.464,0.94345,0.94371,1.19,1.19
2014.04.07 04:54:27.476,0.94344,0.94371,1.19,1.19
2014.04.07 04:54:28.480,0.94344,0.9437,1.69,1.19
2014.04.07 04:54:29.488,0.94344,0.94369,1.69,1.19
2014.04.07 04:54:30.494,0.94346,0.9437,1.19,1.19
2014.04.07 04:54:31.513,0.94349,0.94372,1.19,1.19
2014.04.07 04:54:33.535,0.94347,0.94371,1.69,1.19
2014.04.07 04:54:34.139,0.94345,0.94369,1.19,1.19
2014.04.07 04:54:34.670,0.94349,0.94373,1.19,1.19
2014.04.07 04:54:35.650,0.94346,0.94373,1.19,1.19
2014.04.07 04:54:36.653,0.94348,0.94376,1.19,1.19
2014.04.07 04:54:37.658,0.94349,0.94375,1.19,1.19
2014.04.07 04:54:38.680,0.94351,0.94376,1.19,1.19
2014.04.07 04:54:39.669,0.94352,0.94376,1.19,1.19
2014.04.07 04:54:40.678,0.94352,0.94376,1.19,1.19
2014.04.07 04:54:41.710,0.94348,0.94375,1.19,1.19
2014.04.07 04:54:42.686,0.94348,0.94377,1.19,1.19
2014.04.07 04:54:43.690,0.94349,0.94376,1.19,1.19
2014.04.07 04:54:46.660,0.94352,0.94376,1.19,1.19
2014.04.07 04:54:47.638,0.94352,0.94377,1.69,1.19
2014.04.07 04:54:47.970,0.9435,0.94374,1.19,1.57
2014.04.07 04:54:48.945,0.94351,0.94375,1.69,1.19
2014.04.07 04:54:49.630,0.94351,0.94374,1.19,1.94
2014.04.07 04:54:49.680,0.94348,0.94372,1.19,1.94
2014.04.07 04:54:49.789,0.94343,0.94369,1.19,1.19
2014.04.07 04:54:51.490,0.94346,0.9437,1.19,1.19
2014.04.07 04:54:51.839,0.94348,0.94372,1.19,1.19
2014.04.07 04:54:53.691,0.94345,0.94371,1.19,1.94
2014.04.07 04:54:53.878,0.94343,0.94369,1.19,1.32
2014.04.07 04:54:56.121,0.94342,0.94366,1.19,1.19
2014.04.07 04:54:58.938,0.94341,0.94367,1.19,1.19
2014.04.07 04:54:59.947,0.94338,0.94366,1.19,1.19
2014.04.07 04:55:00.949,0.94341,0.94367,1.19,1.19
2014.04.07 04:55:01.972,0.94342,0.94366,1.19,1.19
2014.04.07 04:55:02.361,0.94345,0.94368,1.19,1.19
2014.04.07 04:55:03.100,0.94351,0.94368,1.00,1.19
2014.04.07 04:55:03.201,0.94351,0.94372,1.25,1.94
2014.04.07 04:55:03.567,0.94352,0.94376,1.19,1.69
2014.04.07 04:55:05.079,0.94353,0.94379,1.19,1.19
2014.04.07 04:55:06.084,0.94353,0.94376,1.19,1.19
2014.04.07 04:55:07.215,0.94351,0.94377,1.69,1.32
2014.04.07 04:55:11.091,0.94351,0.94376,1.19,1.94
2014.04.07 04:55:11.243,0.94348,0.94374,1.19,3.19
2014.04.07 04:55:11.786,0.94352,0.94374,1.00,1.94
2014.04.07 04:55:12.491,0.94352,0.94376,1.19,2.44
2014.04.07 04:55:12.838,0.94352,0.94376,1.19,1.19
2014.04.07 04:55:15.147,0.9435,0.94376,1.19,1.19
2014.04.07 04:55:16.155,0.94352,0.94376,1.19,1.19
2014.04.07 04:55:17.163,0.9435,0.94376,1.19,1.19
2014.04.07 04:55:18.170,0.94351,0.94375,1.19,1.19
2014.04.07 04:55:25.226,0.94352,0.94376,1.19,1.19
2014.04.07 04:55:26.239,0.94352,0.94378,1.19,1.19
2014.04.07 04:55:27.336,0.94352,0.94378,1.19,1.19
2014.04.07 04:55:31.252,0.94353,0.94379,1.19,1.69
2014.04.07 04:55:32.256,0.94352,0.94378,1.19,1.69
2014.04.07 04:55:33.261,0.94351,0.94377,1.19,1.32
2014.04.07 04:55:34.269,0.94353,0.94377,1.19,1.32
2014.04.07 04:55:35.274,0.94352,0.94378,1.19,2.44
2014.04.07 04:55:38.316,0.94353,0.94377,1.19,1.19
2014.04.07 04:55:39.320,0.94352,0.94378,1.19,2.07
2014.04.07 04:55:42.336,0.94353,0.94377,1.19,1.19
2014.04.07 04:55:43.141,0.9435,0.94376,1.19,1.19
2014.04.07 04:55:44.146,0.94352,0.94376,1.19,1.19
2014.04.07 04:55:46.159,0.94351,0.94377,1.19,1.32
2014.04.07 04:55:47.157,0.94351,0.94377,1.19,1.32
2014.04.07 04:55:49.404,0.94352,0.94376,1.19,1.19
2014.04.07 04:55:50.200,0.9435,0.94374,1.19,1.19
2014.04.07 04:55:55.224,0.9435,0.94376,1.19,1.19
2014.04.07 04:55:59.246,0.9435,0.94374,1.19,1.19
2014.04.07 04:56:01.256,0.94349,0.94375,1.19,1.19
2014.04.07 04:56:03.430,0.94344,0.94371,1.57,1.19
2014.04.07 04:56:03.531,0.94343,0.94369,1.19,1.19
2014.04.07 04:56:06.512,0.94343,0.94369,1.19,1.19
2014.04.07 04:56:10.531,0.94343,0.94369,1.19,1.19
2014.04.07 04:56:13.127,0.94346,0.94369,1.00,1.19
2014.04.07 04:56:13.967,0.94346,0.94369,1.25,1.19
2014.04.07 04:56:15.785,0.94346,0.94369,1.19,1.19
2014.04.07 04:56:23.623,0.94346,0.94371,1.19,1.57
2014.04.07 04:56:24.778,0.94348,0.94372,1.19,1.32
2014.04.07 04:56:25.329,0.94351,0.94372,1.00,1.32
2014.04.07 04:56:25.842,0.94351,0.94374,1.19,1.19
2014.04.07 04:56:26.671,0.94351,0.94374,1.25,1.19
2014.04.07 04:56:27.677,0.94351,0.94374,1.19,1.19
2014.04.07 04:56:31.806,0.94351,0.94374,1.19,1.19
2014.04.07 04:56:32.911,0.94351,0.94375,1.19,1.19
2014.04.07 04:56:36.831,0.94351,0.94376,1.19,1.19
2014.04.07 04:56:44.892,0.94351,0.94375,1.19,1.19
2014.04.07 04:56:45.899,0.94351,0.94375,1.69,1.19
2014.04.07 04:56:46.903,0.94351,0.94375,1.19,1.19
2014.04.07 04:56:48.913,0.94351,0.94375,1.19,1.19
2014.04.07 04:56:49.918,0.94351,0.94373,1.19,1.19
2014.04.07 04:56:51.930,0.94351,0.94375,1.19,1.19
2014.04.07 04:56:53.879,0.94347,0.94372,1.19,1.19
2014.04.07 04:56:54.639,0.94351,0.94372,1.00,1.19
2014.04.07 04:56:55.256,0.94351,0.94372,1.25,1.19
2014.04.07 04:56:55.873,0.94351,0.94373,1.00,1.19
2014.04.07 04:56:58.991,0.94351,0.94375,1.25,1.32
2014.04.07 04:56:59.995,0.94351,0.94374,1.19,1.19
2014.04.07 04:57:01.000,0.94351,0.94375,1.00,1.19
2014.04.07 04:57:03.837,0.94348,0.94375,1.19,1.19
2014.04.07 04:57:04.015,0.94349,0.94373,1.19,1.19
2014.04.07 04:57:04.447,0.94347,0.94372,1.19,1.19
2014.04.07 04:57:08.787,0.94352,0.94372,1.00,1.19
2014.04.07 04:57:10.117,0.94352,0.94371,1.00,1.19
2014.04.07 04:57:11.288,0.94352,0.94372,1.00,1.19
2014.04.07 04:57:15.184,0.94357,0.94372,1.00,1.19
2014.04.07 04:57:15.285,0.94352,0.94372,1.00,1.19
2014.04.07 04:57:15.336,0.94352,0.94375,1.00,1.57
2014.04.07 04:57:15.547,0.94352,0.94376,1.19,1.69
2014.04.07 04:57:15.896,0.94357,0.94376,1.00,1.69
2014.04.07 04:57:16.717,0.94357,0.94377,1.00,1.19
2014.04.07 04:57:21.046,0.94357,0.94375,1.00,1.19
2014.04.07 04:57:21.656,0.94351,0.94375,1.69,1.19
2014.04.07 04:57:21.876,0.94357,0.94375,1.00,1.19
2014.04.07 04:57:24.107,0.94357,0.94376,1.00,1.19
2014.04.07 04:57:26.070,0.94357,0.94378,1.00,1.19
2014.04.07 04:57:29.693,0.94357,0.94376,1.00,1.19
2014.04.07 04:57:31.346,0.94362,0.94376,1.00,1.19
2014.04.07 04:57:31.598,0.94357,0.94376,1.00,1.19
2014.04.07 04:57:31.649,0.94357,0.94382,1.19,1.19
2014.04.07 04:57:32.107,0.94362,0.94382,1.00,1.19
2014.04.07 04:57:33.019,0.94362,0.94384,1.00,1.19
2014.04.07 04:57:38.599,0.94357,0.94383,1.19,1.19
2014.04.07 04:57:39.374,0.94357,0.94381,1.19,1.19
2014.04.07 04:57:40.379,0.94357,0.94381,1.19,1.19
2014.04.07 04:57:41.388,0.94357,0.94381,1.69,1.19
2014.04.07 04:57:42.886,0.94361,0.94381,1.00,1.19
2014.04.07 04:57:43.395,0.94356,0.94381,1.19,1.19
2014.04.07 04:57:45.637,0.94362,0.94381,1.00,1.19
2014.04.07 04:57:45.856,0.94356,0.94381,1.19,1.19
2014.04.07 04:57:46.076,0.94361,0.94381,1.00,1.19
2014.04.07 04:57:47.066,0.94358,0.94382,1.19,1.19
2014.04.07 04:57:47.441,0.94357,0.94382,1.19,1.19
2014.04.07 04:57:51.461,0.94357,0.94379,1.19,1.19
2014.04.07 04:57:52.468,0.94357,0.94381,1.19,1.19
2014.04.07 04:57:54.479,0.94357,0.94381,1.19,1.19
2014.04.07 04:57:54.698,0.94356,0.94388,1.19,1.19
2014.04.07 04:57:55.688,0.94358,0.94386,1.19,1.19
2014.04.07 04:57:58.167,0.94357,0.94382,1.00,1.19
2014.04.07 04:57:59.247,0.94357,0.94381,1.25,1.19
2014.04.07 04:58:00.352,0.94357,0.9438,1.25,1.19
2014.04.07 04:58:02.162,0.94354,0.94378,1.19,1.19
2014.04.07 04:58:04.170,0.94355,0.94379,1.19,1.19
2014.04.07 04:58:05.174,0.94354,0.9438,1.19,1.19
2014.04.07 04:58:07.187,0.94356,0.94379,1.19,1.19
2014.04.07 04:58:08.092,0.94362,0.94379,1.00,1.19
2014.04.07 04:58:08.243,0.94362,0.94384,1.00,1.19
2014.04.07 04:58:08.520,0.94362,0.94386,1.69,1.32
2014.04.07 04:58:08.946,0.94366,0.94389,1.25,1.19
2014.04.07 04:58:10.935,0.94366,0.9439,1.69,1.19
2014.04.07 04:58:12.941,0.94366,0.94391,1.19,1.19
2014.04.07 04:58:13.956,0.94363,0.94394,1.19,1.69
2014.04.07 04:58:15.053,0.94362,0.94393,1.19,1.19
2014.04.07 04:58:15.958,0.94363,0.94393,1.19,1.19
2014.04.07 04:58:19.975,0.94363,0.94389,1.19,1.19
2014.04.07 04:58:22.650,0.94361,0.94389,1.25,1.19
2014.04.07 04:58:23.522,0.94361,0.94385,1.69,1.19
2014.04.07 04:58:27.642,0.94361,0.94384,1.19,1.19
2014.04.07 04:58:31.610,0.94361,0.94383,1.00,1.19
2014.04.07 04:58:32.564,0.94361,0.94383,1.19,1.19
2014.04.07 04:58:33.569,0.94361,0.94383,1.00,1.19
2014.04.07 04:58:35.577,0.94361,0.94383,1.25,1.19
2014.04.07 04:58:38.406,0.94361,0.94388,1.19,1.19
2014.04.07 04:58:39.380,0.94364,0.94388,1.19,1.19
2014.04.07 04:58:40.384,0.94363,0.94388,1.19,1.19
2014.04.07 04:58:41.505,0.94362,0.9439,1.19,1.19
2014.04.07 04:58:43.440,0.94362,0.9439,1.19,1.19
2014.04.07 04:58:44.405,0.94362,0.94386,1.19,1.19
2014.04.07 04:58:45.408,0.94361,0.94387,1.69,1.19
2014.04.07 04:58:46.414,0.9436,0.94384,1.19,1.19
2014.04.07 04:58:47.419,0.94362,0.94386,1.19,1.19
2014.04.07 04:58:50.518,0.94361,0.94387,1.69,1.19
2014.04.07 04:58:52.429,0.94361,0.94386,1.19,1.19
