2011.08.11 19:00:00.687,0.81788,0.81835,1.35,1.13
2011.08.11 19:00:01.308,0.81788,0.81836,1.35,1.13
2011.08.11 19:00:01.711,0.81788,0.81834,1.35,1.13
2011.08.11 19:00:02.108,0.81788,0.81834,1.35,1.88
2011.08.11 19:00:02.480,0.81787,0.81831,1.73,1.50
2011.08.11 19:00:03.539,0.81786,0.81834,1.73,1.88
2011.08.11 19:00:03.647,0.81784,0.81831,1.73,1.50
2011.08.11 19:00:04.056,0.81801,0.81849,1.73,1.50
2011.08.11 19:00:04.386,0.81801,0.8185,1.73,1.73
2011.08.11 19:00:04.735,0.81801,0.8185,1.73,2.48
2011.08.11 19:00:05.160,0.81801,0.8185,1.73,1.73
2011.08.11 19:00:05.738,0.81807,0.8185,1.13,1.35
2011.08.11 19:00:06.637,0.81797,0.81846,2.85,1.50
2011.08.11 19:00:06.747,0.81801,0.81849,1.73,1.88
2011.08.11 19:00:07.098,0.81797,0.81846,2.10,1.50
2011.08.11 19:00:07.206,0.81797,0.81849,2.85,1.13
2011.08.11 19:00:07.315,0.81797,0.81842,1.35,1.13
2011.08.11 19:00:07.755,0.81798,0.81848,1.73,1.13
2011.08.11 19:00:07.868,0.81798,0.8185,2.10,1.73
2011.08.11 19:00:08.569,0.81798,0.81848,1.35,1.50
2011.08.11 19:00:08.858,0.81798,0.81847,1.35,1.50
2011.08.11 19:00:08.966,0.81792,0.81848,1.50,3.23
2011.08.11 19:00:09.076,0.81789,0.81847,1.35,1.73
2011.08.11 19:00:09.185,0.81789,0.81842,1.35,1.35
2011.08.11 19:00:09.295,0.81787,0.81836,1.73,1.13
2011.08.11 19:00:10.225,0.81787,0.81836,1.88,1.88
2011.08.11 19:00:10.827,0.81787,0.81836,1.88,1.13
2011.08.11 19:00:11.207,0.81786,0.81839,1.50,2.25
2011.08.11 19:00:11.317,0.81782,0.81833,2.10,1.50
2011.08.11 19:00:11.427,0.81783,0.81839,1.13,2.25
2011.08.11 19:00:11.537,0.81782,0.81833,1.73,1.13
2011.08.11 19:00:11.758,0.81782,0.81834,2.10,1.50
2011.08.11 19:00:12.379,0.81786,0.81837,1.13,1.13
2011.08.11 19:00:12.489,0.81786,0.81845,1.13,1.13
2011.08.11 19:00:12.717,0.81786,0.81841,1.50,1.13
2011.08.11 19:00:12.829,0.81786,0.81843,1.50,1.13
2011.08.11 19:00:13.380,0.81794,0.81843,1.13,1.13
2011.08.11 19:00:13.488,0.81794,0.81847,1.13,1.50
2011.08.11 19:00:13.817,0.81798,0.81849,1.13,1.13
2011.08.11 19:00:14.358,0.81799,0.81851,1.13,1.13
2011.08.11 19:00:15.389,0.81802,0.81854,1.13,1.13
2011.08.11 19:00:15.788,0.81809,0.81854,2.10,1.13
2011.08.11 19:00:16.379,0.8181,0.81858,2.10,1.13
2011.08.11 19:00:16.486,0.8181,0.81858,2.48,1.13
2011.08.11 19:00:17.301,0.8181,0.81858,2.85,1.13
2011.08.11 19:00:19.792,0.8181,0.81854,2.85,1.13
2011.08.11 19:00:20.237,0.8181,0.81854,2.10,1.13
2011.08.11 19:00:20.840,0.8181,0.81854,2.10,1.13
2011.08.11 19:00:21.453,0.8181,0.81854,2.10,1.13
2011.08.11 19:00:21.928,0.8181,0.81854,2.10,1.13
2011.08.11 19:00:22.660,0.8181,0.81854,2.10,1.13
2011.08.11 19:00:22.918,0.8181,0.81854,2.10,1.13
2011.08.11 19:00:27.320,0.8181,0.81854,2.10,1.13
2011.08.11 19:00:27.648,0.8181,0.81854,2.10,1.13
2011.08.11 19:00:27.980,0.8181,0.81854,2.10,1.13
2011.08.11 19:00:28.087,0.8181,0.81854,2.10,1.13
2011.08.11 19:00:28.198,0.81805,0.81851,2.25,1.13
2011.08.11 19:00:28.637,0.81805,0.81853,1.50,1.13
2011.08.11 19:00:30.161,0.81805,0.8185,1.50,1.13
2011.08.11 19:00:30.567,0.81805,0.8185,2.25,1.13
2011.08.11 19:00:32.049,0.81805,0.8185,2.25,1.13
2011.08.11 19:00:32.157,0.81805,0.8185,2.25,1.13
2011.08.11 19:00:34.419,0.81805,0.8185,2.25,1.13
2011.08.11 19:00:34.527,0.81805,0.8185,2.25,1.13
2011.08.11 19:00:34.901,0.81802,0.81849,2.48,1.50
2011.08.11 19:00:35.017,0.81802,0.81849,3.23,1.50
2011.08.11 19:00:35.298,0.81802,0.81849,2.48,1.50
2011.08.11 19:00:35.798,0.81801,0.81846,2.10,1.13
2011.08.11 19:00:35.907,0.81801,0.81849,2.48,1.50
2011.08.11 19:00:36.149,0.81801,0.81849,2.85,1.13
2011.08.11 19:00:36.558,0.81801,0.8185,3.23,1.13
2011.08.11 19:00:36.690,0.81802,0.81851,1.13,1.50
2011.08.11 19:00:37.063,0.81806,0.81855,1.13,1.13
2011.08.11 19:00:38.021,0.81806,0.81855,1.13,1.13
2011.08.11 19:00:38.927,0.81809,0.81855,1.35,1.13
2011.08.11 19:00:39.269,0.8181,0.8185,1.35,1.13
2011.08.11 19:00:39.659,0.81807,0.81854,1.35,1.13
2011.08.11 19:00:40.640,0.81807,0.81853,1.35,1.13
2011.08.11 19:00:42.899,0.81806,0.81853,1.73,1.13
2011.08.11 19:00:43.217,0.81809,0.81854,1.35,1.50
2011.08.11 19:00:43.437,0.81809,0.81858,1.35,1.50
2011.08.11 19:00:44.671,0.81788,0.81851,1.50,1.50
2011.08.11 19:00:45.272,0.81788,0.81849,1.50,1.50
2011.08.11 19:00:45.870,0.81788,0.81844,1.50,1.13
2011.08.11 19:00:46.414,0.81792,0.81843,1.50,2.63
2011.08.11 19:00:46.918,0.81798,0.81843,1.35,1.88
2011.08.11 19:00:47.028,0.81792,0.81848,1.35,1.13
2011.08.11 19:00:47.597,0.81799,0.81848,1.13,1.13
2011.08.11 19:00:48.649,0.81799,0.81843,1.13,2.63
2011.08.11 19:00:49.342,0.81801,0.81843,1.50,1.88
2011.08.11 19:00:50.326,0.81799,0.8185,1.50,1.50
2011.08.11 19:00:50.546,0.81799,0.8185,1.50,1.50
2011.08.11 19:00:51.859,0.81799,0.81843,1.50,2.25
2011.08.11 19:00:54.249,0.81797,0.81843,1.50,1.88
2011.08.11 19:00:55.810,0.81797,0.81843,2.63,1.88
2011.08.11 19:00:56.029,0.81797,0.81857,2.25,1.50
2011.08.11 19:00:56.138,0.81797,0.81853,2.25,1.50
2011.08.11 19:00:56.247,0.81797,0.81857,2.25,1.50
2011.08.11 19:00:57.288,0.81797,0.81857,2.25,1.50
2011.08.11 19:00:57.396,0.81797,0.81857,2.25,1.50
2011.08.11 19:00:57.726,0.81796,0.81853,1.50,2.63
2011.08.11 19:00:58.168,0.81793,0.81853,2.25,4.13
2011.08.11 19:00:58.276,0.81793,0.81853,2.25,3.38
2011.08.11 19:00:59.167,0.81797,0.81853,1.50,1.88
2011.08.11 19:01:01.136,0.81797,0.81844,2.25,1.13
2011.08.11 19:01:05.911,0.81797,0.81843,2.63,1.88
2011.08.11 19:01:07.118,0.81796,0.81844,2.63,2.25
2011.08.11 19:01:10.191,0.81796,0.81844,2.63,3.00
2011.08.11 19:01:10.738,0.81802,0.81844,1.13,1.88
2011.08.11 19:01:10.849,0.81802,0.81853,1.13,3.38
2011.08.11 19:01:10.957,0.81805,0.81853,2.48,2.63
2011.08.11 19:01:12.397,0.81807,0.81853,1.88,3.38
2011.08.11 19:01:13.119,0.81807,0.81853,1.88,2.63
2011.08.11 19:01:13.227,0.81807,0.81852,1.88,1.50
2011.08.11 19:01:13.559,0.81797,0.81838,1.88,1.13
2011.08.11 19:01:13.668,0.81797,0.81839,1.88,1.13
2011.08.11 19:01:13.778,0.81797,0.81839,1.88,1.50
2011.08.11 19:01:14.370,0.81787,0.81841,3.00,1.50
2011.08.11 19:01:14.480,0.81787,0.81841,3.00,1.13
2011.08.11 19:01:15.189,0.81791,0.81841,1.13,1.13
2011.08.11 19:01:15.740,0.81791,0.81841,1.13,1.13
2011.08.11 19:01:16.201,0.81791,0.81844,1.13,1.88
2011.08.11 19:01:16.318,0.81792,0.81844,1.13,1.88
2011.08.11 19:01:17.209,0.81795,0.81844,1.13,1.13
2011.08.11 19:01:17.727,0.81791,0.81843,1.88,1.13
2011.08.11 19:01:19.207,0.81791,0.81841,1.13,1.13
2011.08.11 19:01:19.319,0.81788,0.81835,1.13,1.13
2011.08.11 19:01:19.427,0.81786,0.81835,1.13,1.88
2011.08.11 19:01:19.537,0.81782,0.81831,1.13,1.13
2011.08.11 19:01:20.253,0.81782,0.81831,1.13,1.13
2011.08.11 19:01:20.689,0.81782,0.81831,1.13,1.13
2011.08.11 19:01:20.918,0.81781,0.81831,1.35,1.50
2011.08.11 19:01:21.388,0.81777,0.81826,5.10,1.13
2011.08.11 19:01:21.812,0.8177,0.81821,1.13,1.13
2011.08.11 19:01:22.147,0.81765,0.81817,1.13,1.13
2011.08.11 19:01:22.257,0.81769,0.81818,1.13,1.13
2011.08.11 19:01:22.788,0.81769,0.81821,1.13,1.13
2011.08.11 19:01:24.081,0.81769,0.81821,1.13,1.13
2011.08.11 19:01:24.668,0.81777,0.81833,1.50,2.25
2011.08.11 19:01:25.409,0.81777,0.81833,1.88,2.25
2011.08.11 19:01:25.518,0.81781,0.81834,1.35,4.13
2011.08.11 19:01:25.969,0.8178,0.81833,1.73,1.13
2011.08.11 19:01:26.911,0.81782,0.81833,1.13,1.13
2011.08.11 19:01:27.199,0.81782,0.81833,1.13,1.13
2011.08.11 19:01:28.302,0.81782,0.81834,1.13,1.13
2011.08.11 19:01:28.430,0.81782,0.81831,1.88,1.13
2011.08.11 19:01:28.978,0.81788,0.81835,1.13,1.13
2011.08.11 19:01:29.311,0.81793,0.81844,1.13,3.00
2011.08.11 19:01:30.007,0.81793,0.81844,3.23,2.25
2011.08.11 19:01:30.337,0.81797,0.81843,1.35,1.13
2011.08.11 19:01:30.448,0.81793,0.81843,2.85,1.50
2011.08.11 19:01:30.556,0.81793,0.81844,3.60,2.63
2011.08.11 19:01:30.780,0.81793,0.81844,1.88,2.25
2011.08.11 19:01:31.878,0.81793,0.81844,1.88,2.25
2011.08.11 19:01:32.388,0.81795,0.81844,1.50,3.00
2011.08.11 19:01:32.918,0.81796,0.81844,1.50,3.00
2011.08.11 19:01:33.867,0.81796,0.81844,1.50,3.00
2011.08.11 19:01:34.812,0.81796,0.81844,1.13,2.63
2011.08.11 19:01:34.933,0.81797,0.81844,1.50,2.25
2011.08.11 19:01:42.328,0.81795,0.81843,1.50,1.13
2011.08.11 19:01:44.612,0.81797,0.81843,1.35,3.00
2011.08.11 19:01:44.727,0.81798,0.81843,1.35,1.88
2011.08.11 19:01:46.328,0.818,0.81843,1.35,1.88
2011.08.11 19:01:46.968,0.81801,0.81843,1.13,1.88
2011.08.11 19:01:47.077,0.81801,0.81853,1.13,1.50
2011.08.11 19:01:47.799,0.81802,0.81854,1.88,3.98
2011.08.11 19:01:48.648,0.81802,0.81849,1.13,1.13
2011.08.11 19:01:48.756,0.81801,0.81849,1.13,1.13
2011.08.11 19:01:48.866,0.81802,0.81849,1.13,1.13
2011.08.11 19:01:49.192,0.81802,0.81848,1.13,1.50
2011.08.11 19:01:50.147,0.818,0.81847,1.35,1.13
2011.08.11 19:01:51.122,0.818,0.81845,1.35,1.13
2011.08.11 19:01:52.326,0.81801,0.81849,1.13,1.50
2011.08.11 19:01:53.908,0.81799,0.81851,1.13,1.73
2011.08.11 19:01:54.019,0.81796,0.81846,1.50,1.13
2011.08.11 19:01:54.768,0.81791,0.81857,1.50,2.25
2011.08.11 19:01:54.879,0.81798,0.81854,1.13,1.88
2011.08.11 19:01:54.986,0.81791,0.8194,1.50,0.75
2011.08.11 19:01:55.098,0.81791,0.81911,1.50,0.75
2011.08.11 19:01:55.208,0.81791,0.81913,1.50,0.75
2011.08.11 19:01:55.398,0.81791,0.81904,1.50,0.75
2011.08.11 19:01:55.949,0.81804,0.81904,1.50,0.75
2011.08.11 19:01:56.169,0.81802,0.81938,1.50,1.50
2011.08.11 19:01:56.503,0.81802,0.81938,1.50,1.50
2011.08.11 19:01:57.116,0.81812,0.81918,1.50,1.50
2011.08.11 19:01:57.931,0.81812,0.81923,1.50,1.50
2011.08.11 19:01:58.049,0.8181,0.81916,1.50,1.13
2011.08.11 19:01:58.157,0.8181,0.81913,1.50,1.50
2011.08.11 19:01:58.493,0.8181,0.81916,1.50,1.13
2011.08.11 19:01:58.607,0.8181,0.81914,1.50,1.50
2011.08.11 19:01:58.718,0.8181,0.81916,1.50,1.13
2011.08.11 19:01:59.646,0.8181,0.81908,1.50,1.50
2011.08.11 19:02:00.240,0.8181,0.81908,1.50,1.50
2011.08.11 19:02:01.065,0.8181,0.81913,1.50,1.50
2011.08.11 19:02:01.963,0.81893,0.81914,3.75,1.50
2011.08.11 19:02:02.076,0.81893,0.81916,3.75,1.13
2011.08.11 19:02:03.390,0.81893,0.81916,3.75,1.13
2011.08.11 19:02:06.679,0.81893,0.81916,3.75,1.13
2011.08.11 19:02:07.448,0.81893,0.81916,3.75,1.13
2011.08.11 19:02:11.164,0.81894,0.81912,2.85,1.50
2011.08.11 19:02:11.569,0.81883,0.81903,2.85,1.50
2011.08.11 19:02:12.388,0.81893,0.81899,2.85,1.50
2011.08.11 19:02:13.468,0.8188,0.81887,2.85,1.13
2011.08.11 19:02:14.427,0.81879,0.81884,3.01,1.13
2011.08.11 19:02:14.968,0.81873,0.81888,3.80,1.50
2011.08.11 19:02:15.087,0.81874,0.81888,5.09,1.50
2011.08.11 19:02:15.838,0.81864,0.81883,5.09,1.13
2011.08.11 19:02:16.878,0.81864,0.81883,5.09,1.13
2011.08.11 19:02:17.598,0.81864,0.81883,5.09,1.13
2011.08.11 19:02:18.955,0.81864,0.81883,5.09,1.13
2011.08.11 19:02:22.108,0.81864,0.81891,5.09,1.50
2011.08.11 19:02:22.217,0.81864,0.81893,5.09,1.50
2011.08.11 19:02:22.435,0.81864,0.81903,5.09,3.38
2011.08.11 19:02:24.147,0.81864,0.81903,5.09,3.38
2011.08.11 19:02:25.618,0.818,0.81903,1.50,3.38
2011.08.11 19:02:29.610,0.81797,0.81903,3.38,4.13
2011.08.11 19:02:29.718,0.81797,0.81898,3.00,1.50
2011.08.11 19:02:29.829,0.8179,0.81882,1.35,2.25
2011.08.11 19:02:30.157,0.8179,0.81889,1.35,3.00
2011.08.11 19:02:30.497,0.8179,0.81889,1.35,2.25
2011.08.11 19:02:30.608,0.8179,0.81885,1.35,2.25
2011.08.11 19:02:31.480,0.8179,0.8189,1.35,2.25
2011.08.11 19:02:32.839,0.8179,0.8189,1.35,3.00
2011.08.11 19:02:33.568,0.8179,0.8189,1.35,3.00
2011.08.11 19:02:33.987,0.8179,0.8189,1.35,3.00
2011.08.11 19:02:34.559,0.8179,0.8189,1.35,3.00
2011.08.11 19:02:34.889,0.8179,0.81888,1.35,1.50
2011.08.11 19:02:34.999,0.8179,0.8189,1.35,3.00
2011.08.11 19:02:35.219,0.81785,0.81886,3.00,1.50
2011.08.11 19:02:35.841,0.81774,0.81878,1.50,2.25
2011.08.11 19:02:36.294,0.81863,0.81878,3.97,2.25
2011.08.11 19:02:37.547,0.81863,0.81873,3.22,2.25
2011.08.11 19:02:38.648,0.81863,0.81873,3.22,3.00
2011.08.11 19:02:39.738,0.81863,0.8187,3.22,2.25
2011.08.11 19:02:39.967,0.81863,0.81873,3.22,3.00
2011.08.11 19:02:40.076,0.81863,0.81873,3.22,3.00
2011.08.11 19:02:41.289,0.81863,0.81873,3.22,3.00
2011.08.11 19:02:41.398,0.81863,0.81873,3.22,3.00
2011.08.11 19:02:42.118,0.81863,0.81873,3.22,3.00
2011.08.11 19:02:42.888,0.81863,0.81871,3.22,1.50
2011.08.11 19:02:43.289,0.81863,0.81869,3.22,1.50
2011.08.11 19:02:43.880,0.81854,0.81864,2.39,2.25
2011.08.11 19:02:45.358,0.81854,0.81868,2.34,1.50
2011.08.11 19:02:45.727,0.81854,0.81865,2.34,3.00
2011.08.11 19:02:46.849,0.81854,0.81865,2.34,1.50
2011.08.11 19:02:48.757,0.81854,0.81869,2.34,3.38
2011.08.11 19:02:49.305,0.81854,0.8186,1.47,2.25
2011.08.11 19:02:49.421,0.81844,0.81856,1.37,2.25
2011.08.11 19:02:50.876,0.81844,0.81859,1.37,1.88
2011.08.11 19:02:50.988,0.81844,0.81861,1.37,3.00
2011.08.11 19:02:51.097,0.81756,0.81861,3.00,3.00
2011.08.11 19:02:51.207,0.8176,0.81859,3.00,1.50
2011.08.11 19:02:52.238,0.8176,0.81865,3.00,3.75
2011.08.11 19:02:52.749,0.8176,0.81864,3.00,1.50
2011.08.11 19:02:53.829,0.8176,0.81863,3.00,1.50
2011.08.11 19:02:54.439,0.8176,0.81865,3.00,3.75
2011.08.11 19:02:54.665,0.8176,0.81865,3.00,3.75
2011.08.11 19:02:54.928,0.8176,0.81865,3.00,3.75
2011.08.11 19:02:55.717,0.81772,0.81864,1.50,1.50
2011.08.11 19:02:56.737,0.81779,0.81866,1.13,1.13
2011.08.11 19:02:57.628,0.81782,0.81866,1.50,1.13
2011.08.11 19:02:57.956,0.81799,0.81868,1.13,1.50
2011.08.11 19:02:58.177,0.81799,0.81866,1.13,1.13
2011.08.11 19:02:58.879,0.81799,0.81866,1.88,1.13
2011.08.11 19:03:00.518,0.81801,0.8187,1.13,1.50
2011.08.11 19:03:00.758,0.81796,0.8187,3.00,1.50
2011.08.11 19:03:00.869,0.81796,0.81868,2.25,1.50
2011.08.11 19:03:00.979,0.81782,0.81869,3.23,1.50
2011.08.11 19:03:01.149,0.81782,0.81869,3.23,1.50
2011.08.11 19:03:01.256,0.81786,0.81869,1.13,1.50
2011.08.11 19:03:01.767,0.81782,0.81862,1.73,2.25
2011.08.11 19:03:01.901,0.81781,0.81862,1.35,3.00
2011.08.11 19:03:02.407,0.81787,0.81875,2.25,4.13
2011.08.11 19:03:04.209,0.81787,0.81875,3.00,4.13
2011.08.11 19:03:04.476,0.81787,0.81875,3.00,3.75
2011.08.11 19:03:04.696,0.81795,0.81874,2.25,1.13
2011.08.11 19:03:04.806,0.81787,0.81874,1.13,1.13
2011.08.11 19:03:04.917,0.81786,0.81828,3.38,2.10
2011.08.11 19:03:05.137,0.81763,0.81814,1.13,1.13
2011.08.11 19:03:05.247,0.81752,0.81838,1.50,2.85
2011.08.11 19:03:05.357,0.81745,0.81838,1.50,2.85
2011.08.11 19:03:05.469,0.81752,0.81821,2.10,1.35
2011.08.11 19:03:05.576,0.81752,0.81826,2.85,1.35
2011.08.11 19:03:06.408,0.81759,0.81821,1.35,1.35
2011.08.11 19:03:06.519,0.81757,0.81824,1.50,1.88
2011.08.11 19:03:07.568,0.81757,0.81833,1.50,1.50
2011.08.11 19:03:07.932,0.81759,0.81833,1.50,1.50
2011.08.11 19:03:08.650,0.81759,0.81834,1.50,3.38
2011.08.11 19:03:09.359,0.81756,0.81834,1.50,3.38
2011.08.11 19:03:09.467,0.81756,0.81829,1.50,1.50
2011.08.11 19:03:09.909,0.81752,0.81829,1.50,1.50
2011.08.11 19:03:10.568,0.81755,0.81829,1.50,1.50
2011.08.11 19:03:11.449,0.81763,0.81834,1.50,2.63
2011.08.11 19:03:11.559,0.8176,0.81829,1.50,1.50
2011.08.11 19:03:12.579,0.8176,0.81833,1.50,1.50
2011.08.11 19:03:12.798,0.81762,0.81833,1.50,1.50
2011.08.11 19:03:13.267,0.81767,0.81835,1.50,1.50
2011.08.11 19:03:13.957,0.81767,0.81833,1.50,1.88
2011.08.11 19:03:14.779,0.81765,0.81833,2.10,2.63
2011.08.11 19:03:16.268,0.81765,0.81833,1.35,2.63
2011.08.11 19:03:18.142,0.81765,0.81833,1.35,2.63
2011.08.11 19:03:18.367,0.81765,0.81833,2.10,2.63
2011.08.11 19:03:18.480,0.8175,0.8183,1.50,1.35
2011.08.11 19:03:19.669,0.8175,0.81828,1.50,1.50
2011.08.11 19:03:20.798,0.81753,0.81825,1.50,3.00
2011.08.11 19:03:20.907,0.81753,0.81825,1.50,3.00
2011.08.11 19:03:21.868,0.81753,0.81824,1.50,1.50
2011.08.11 19:03:22.376,0.81751,0.8182,1.50,1.50
2011.08.11 19:03:23.037,0.81751,0.81824,1.50,1.50
2011.08.11 19:03:23.861,0.81752,0.81824,1.50,1.50
2011.08.11 19:03:25.509,0.8175,0.81825,1.50,3.00
2011.08.11 19:03:26.484,0.8175,0.81823,1.50,1.50
2011.08.11 19:03:27.021,0.8175,0.81819,1.50,1.50
2011.08.11 19:03:33.099,0.81751,0.81819,1.50,1.50
2011.08.11 19:03:34.462,0.81751,0.81818,1.50,1.50
2011.08.11 19:03:34.679,0.81751,0.81819,1.50,1.50
2011.08.11 19:03:34.898,0.81751,0.81828,1.50,1.50
2011.08.11 19:03:35.121,0.81751,0.81824,1.50,1.50
2011.08.11 19:03:36.066,0.81745,0.81824,2.10,1.50
2011.08.11 19:03:36.179,0.81745,0.81815,1.50,1.35
2011.08.11 19:03:36.287,0.81745,0.81813,1.50,1.50
2011.08.11 19:03:36.511,0.81741,0.81812,1.50,3.00
2011.08.11 19:03:37.388,0.81738,0.81812,1.50,3.00
2011.08.11 19:03:39.810,0.81738,0.81809,1.50,1.50
2011.08.11 19:03:40.420,0.81738,0.81808,1.50,3.00
2011.08.11 19:03:40.685,0.81738,0.81808,1.50,3.00
2011.08.11 19:03:41.355,0.81737,0.81808,1.35,3.00
2011.08.11 19:03:42.601,0.81737,0.81805,1.35,1.50
2011.08.11 19:03:45.399,0.81737,0.81806,2.10,1.50
2011.08.11 19:03:45.952,0.8174,0.81809,1.50,1.50
2011.08.11 19:03:46.340,0.8174,0.81809,1.50,1.50
2011.08.11 19:03:48.208,0.81735,0.81804,1.50,3.00
2011.08.11 19:03:48.317,0.81735,0.81808,1.50,3.00
2011.08.11 19:03:48.699,0.81732,0.81803,1.50,1.50
2011.08.11 19:03:48.918,0.81733,0.81808,1.50,3.00
2011.08.11 19:03:49.729,0.81733,0.81809,1.50,1.50
2011.08.11 19:03:50.148,0.8173,0.81804,1.50,3.00
2011.08.11 19:03:50.911,0.8173,0.81804,1.50,3.75
2011.08.11 19:03:51.120,0.8173,0.81804,1.50,3.00
2011.08.11 19:03:51.339,0.8174,0.81809,1.50,1.50
2011.08.11 19:03:52.097,0.81731,0.81809,3.00,1.50
2011.08.11 19:03:52.771,0.81728,0.81803,1.50,3.00
2011.08.11 19:03:52.878,0.81732,0.81803,1.50,3.00
2011.08.11 19:03:54.154,0.81732,0.81801,1.50,1.50
2011.08.11 19:03:54.709,0.8173,0.81803,1.50,3.00
2011.08.11 19:03:54.926,0.81735,0.81804,1.50,1.50
2011.08.11 19:03:55.188,0.81735,0.81803,1.50,1.50
2011.08.11 19:03:56.131,0.81729,0.81796,1.50,1.50
2011.08.11 19:03:56.910,0.81733,0.81799,1.50,1.50
2011.08.11 19:03:57.030,0.81727,0.81807,3.00,2.25
2011.08.11 19:03:57.700,0.81736,0.81807,1.50,3.00
2011.08.11 19:03:58.028,0.81724,0.81794,1.50,2.25
2011.08.11 19:03:58.364,0.81724,0.81794,1.50,2.25
2011.08.11 19:03:58.629,0.81724,0.81794,1.50,2.25
2011.08.11 19:04:00.339,0.81725,0.81794,1.50,2.25
2011.08.11 19:04:00.877,0.81725,0.81794,1.50,2.25
2011.08.11 19:04:01.418,0.81724,0.81794,1.50,2.25
2011.08.11 19:04:01.638,0.81738,0.81809,1.50,1.50
2011.08.11 19:04:01.748,0.81741,0.81813,1.50,2.63
2011.08.11 19:04:02.168,0.8174,0.81812,1.50,1.50
2011.08.11 19:04:02.497,0.81745,0.81817,1.35,2.25
2011.08.11 19:04:02.719,0.81752,0.81819,1.50,3.00
2011.08.11 19:04:02.938,0.81757,0.81826,1.13,1.35
2011.08.11 19:04:04.167,0.81757,0.81826,1.13,1.35
2011.08.11 19:04:04.399,0.81752,0.8182,1.50,1.13
2011.08.11 19:04:04.510,0.81751,0.8182,1.13,1.13
2011.08.11 19:04:04.727,0.81751,0.8182,1.13,3.38
2011.08.11 19:04:05.271,0.81747,0.81818,1.13,1.50
2011.08.11 19:04:05.889,0.81747,0.81818,1.13,1.50
2011.08.11 19:04:06.879,0.81751,0.8182,1.13,4.13
2011.08.11 19:04:07.160,0.81751,0.8182,1.13,4.13
2011.08.11 19:04:07.648,0.81747,0.8182,1.88,4.13
2011.08.11 19:04:07.758,0.81747,0.81807,1.50,1.35
2011.08.11 19:04:08.089,0.81747,0.81808,1.13,1.35
2011.08.11 19:04:08.458,0.81743,0.81808,1.13,1.35
2011.08.11 19:04:09.867,0.81743,0.81811,1.13,1.35
2011.08.11 19:04:11.678,0.81744,0.81816,1.13,2.10
2011.08.11 19:04:11.787,0.81759,0.81817,1.13,2.25
2011.08.11 19:04:12.830,0.81761,0.81819,1.13,1.50
2011.08.11 19:04:13.699,0.81761,0.81819,1.13,1.50
2011.08.11 19:04:14.076,0.81762,0.81816,1.13,1.50
2011.08.11 19:04:14.909,0.81762,0.81814,1.13,1.88
2011.08.11 19:04:15.490,0.81757,0.81816,1.13,1.13
2011.08.11 19:04:16.160,0.81756,0.81816,1.13,1.13
2011.08.11 19:04:16.899,0.81759,0.81814,1.13,1.50
2011.08.11 19:04:17.798,0.81759,0.81812,1.13,1.50
2011.08.11 19:04:18.473,0.8175,0.81809,1.13,1.88
2011.08.11 19:04:19.429,0.81745,0.81809,1.35,1.13
2011.08.11 19:04:19.537,0.81742,0.81814,2.25,2.25
2011.08.11 19:04:19.648,0.81742,0.81848,2.25,1.50
2011.08.11 19:04:19.756,0.81753,0.81846,1.50,1.50
2011.08.11 19:04:20.137,0.81752,0.81858,2.25,1.50
2011.08.11 19:04:20.826,0.81752,0.81858,1.50,1.50
2011.08.11 19:04:20.958,0.81751,0.81854,1.50,1.50
2011.08.11 19:04:21.066,0.81751,0.81854,1.13,1.50
2011.08.11 19:04:21.426,0.81751,0.81851,1.50,1.50
2011.08.11 19:04:22.022,0.81751,0.81854,1.13,1.50
2011.08.11 19:04:22.141,0.81751,0.81854,1.50,1.50
2011.08.11 19:04:24.635,0.81755,0.8186,1.50,1.13
2011.08.11 19:04:24.748,0.81751,0.81854,1.13,1.50
2011.08.11 19:04:25.878,0.81751,0.81848,1.13,1.50
2011.08.11 19:04:27.917,0.81751,0.81846,1.13,1.50
2011.08.11 19:04:28.286,0.81751,0.8182,1.13,1.13
2011.08.11 19:04:29.737,0.81751,0.81824,1.50,1.50
2011.08.11 19:04:29.846,0.81751,0.81824,1.50,1.50
2011.08.11 19:04:30.138,0.81751,0.81824,1.50,1.88
2011.08.11 19:04:30.832,0.81757,0.8182,1.13,1.50
2011.08.11 19:04:31.819,0.81751,0.8182,1.50,1.50
2011.08.11 19:04:32.859,0.81757,0.8182,1.13,1.50
2011.08.11 19:04:38.832,0.81752,0.81821,1.50,1.50
2011.08.11 19:04:39.166,0.81755,0.81826,1.50,1.50
2011.08.11 19:04:40.389,0.81755,0.81826,1.50,1.50
2011.08.11 19:04:40.498,0.81762,0.8183,1.13,3.00
2011.08.11 19:04:40.718,0.81757,0.81831,3.60,1.50
2011.08.11 19:04:40.938,0.81763,0.81832,1.13,1.50
2011.08.11 19:04:43.398,0.81754,0.81825,1.13,1.50
2011.08.11 19:04:43.778,0.81761,0.81825,1.13,1.50
2011.08.11 19:04:44.167,0.81757,0.81828,1.88,1.88
2011.08.11 19:04:44.679,0.81757,0.81825,1.50,1.13
2011.08.11 19:04:44.789,0.81756,0.81824,1.13,1.50
2011.08.11 19:04:45.089,0.81756,0.81824,1.13,1.50
2011.08.11 19:04:45.871,0.81756,0.81824,1.13,1.50
2011.08.11 19:04:46.910,0.81756,0.81824,1.13,1.50
2011.08.11 19:04:52.341,0.81756,0.81824,1.13,1.50
2011.08.11 19:04:52.461,0.81753,0.81824,1.50,1.50
2011.08.11 19:04:52.700,0.81757,0.81824,1.13,1.50
2011.08.11 19:04:52.808,0.81757,0.81824,1.13,1.88
2011.08.11 19:04:53.418,0.81753,0.81824,1.13,1.88
2011.08.11 19:04:54.104,0.81756,0.81822,1.13,1.50
2011.08.11 19:04:54.726,0.81752,0.81822,1.50,1.50
2011.08.11 19:04:54.949,0.81753,0.8182,1.50,1.13
2011.08.11 19:04:55.548,0.81751,0.81819,1.13,1.50
2011.08.11 19:04:55.669,0.81751,0.81818,1.13,1.50
2011.08.11 19:04:56.219,0.81751,0.81816,1.13,1.50
2011.08.11 19:04:57.868,0.81751,0.81817,1.13,1.50
2011.08.11 19:05:00.899,0.81751,0.81816,1.13,1.50
2011.08.11 19:05:02.300,0.81741,0.81811,1.35,1.13
2011.08.11 19:05:02.408,0.81741,0.81803,1.35,1.50
2011.08.11 19:05:02.929,0.8174,0.81807,1.13,1.13
2011.08.11 19:05:03.919,0.8174,0.81803,1.13,1.50
2011.08.11 19:05:04.238,0.8174,0.81808,1.13,2.25
2011.08.11 19:05:04.348,0.8174,0.81811,1.13,1.35
2011.08.11 19:05:04.642,0.8174,0.8181,1.13,1.50
2011.08.11 19:05:04.865,0.8174,0.81811,1.13,1.35
2011.08.11 19:05:06.066,0.8174,0.81813,1.88,3.60
2011.08.11 19:05:06.650,0.8174,0.81813,1.88,3.75
2011.08.11 19:05:06.977,0.81739,0.81822,1.88,3.00
2011.08.11 19:05:07.148,0.81739,0.81822,1.88,3.00
2011.08.11 19:05:07.366,0.8174,0.81834,1.50,1.50
2011.08.11 19:05:07.509,0.81739,0.81835,1.13,1.50
2011.08.11 19:05:07.871,0.81739,0.81835,1.13,1.50
2011.08.11 19:05:10.843,0.81739,0.81837,1.13,1.50
2011.08.11 19:05:11.207,0.81735,0.81832,1.13,1.50
2011.08.11 19:05:11.693,0.81735,0.81834,1.13,1.50
2011.08.11 19:05:12.380,0.81735,0.81832,1.13,1.50
2011.08.11 19:05:13.950,0.81735,0.81832,1.13,1.50
2011.08.11 19:05:16.340,0.81735,0.81834,1.13,1.50
2011.08.11 19:05:16.461,0.81735,0.81834,1.13,1.50
2011.08.11 19:05:17.051,0.81735,0.81834,1.13,1.50
2011.08.11 19:05:17.453,0.81735,0.81834,1.13,1.50
2011.08.11 19:05:18.400,0.81742,0.81831,1.50,1.50
2011.08.11 19:05:19.166,0.81746,0.81834,1.50,1.50
2011.08.11 19:05:19.499,0.81735,0.81834,1.13,1.50
2011.08.11 19:05:19.606,0.81735,0.81824,1.13,1.50
2011.08.11 19:05:19.719,0.81735,0.81832,1.13,1.50
2011.08.11 19:05:20.529,0.81735,0.81832,1.13,1.50
2011.08.11 19:05:25.213,0.81735,0.81831,1.13,1.50
2011.08.11 19:05:25.439,0.81732,0.81829,1.13,1.50
2011.08.11 19:05:26.259,0.81732,0.81829,1.13,1.50
2011.08.11 19:05:26.477,0.81728,0.81829,3.75,1.50
2011.08.11 19:05:26.697,0.81731,0.81828,1.13,3.00
2011.08.11 19:05:26.917,0.81732,0.81829,1.13,1.50
2011.08.11 19:05:32.910,0.81732,0.81827,1.13,1.50
2011.08.11 19:05:33.511,0.81732,0.81827,1.13,1.50
2011.08.11 19:05:34.209,0.81731,0.81827,1.13,1.50
2011.08.11 19:05:34.317,0.81732,0.81827,1.13,1.50
2011.08.11 19:05:35.788,0.81727,0.81832,3.00,3.00
2011.08.11 19:05:36.008,0.81726,0.81827,1.13,3.00
2011.08.11 19:05:36.191,0.81726,0.81827,1.13,3.00
2011.08.11 19:05:36.471,0.81726,0.81827,1.13,3.00
2011.08.11 19:05:37.146,0.81722,0.81824,1.13,3.00
2011.08.11 19:05:37.839,0.81721,0.81823,1.13,1.50
2011.08.11 19:05:37.948,0.81721,0.81824,1.13,3.75
2011.08.11 19:05:38.238,0.81722,0.81824,1.13,3.00
2011.08.11 19:05:38.347,0.81722,0.81858,1.13,1.50
2011.08.11 19:05:38.456,0.81722,0.81858,1.13,1.50
2011.08.11 19:05:38.566,0.81722,0.81862,1.13,1.50
2011.08.11 19:05:38.749,0.81722,0.81858,1.13,1.50
2011.08.11 19:05:39.158,0.81722,0.81854,1.13,1.50
2011.08.11 19:05:40.588,0.81722,0.81854,1.13,1.50
2011.08.11 19:05:40.858,0.81722,0.81852,1.13,1.50
2011.08.11 19:05:41.137,0.81722,0.81854,1.13,1.50
2011.08.11 19:05:41.358,0.81722,0.8186,1.13,1.50
2011.08.11 19:05:41.690,0.81721,0.81855,1.13,1.50
2011.08.11 19:05:42.558,0.81722,0.81858,1.88,1.50
2011.08.11 19:05:42.852,0.81722,0.81858,1.13,1.50
2011.08.11 19:05:43.181,0.81722,0.81858,1.88,1.50
2011.08.11 19:05:46.178,0.81722,0.81858,1.88,1.50
2011.08.11 19:05:46.400,0.81722,0.81858,1.88,1.50
2011.08.11 19:05:46.505,0.81722,0.81858,2.25,1.50
2011.08.11 19:05:47.056,0.81727,0.81865,1.13,1.50
2011.08.11 19:05:47.830,0.81736,0.81871,1.50,1.50
2011.08.11 19:05:48.928,0.81731,0.81878,1.50,1.50
2011.08.11 19:05:49.728,0.81736,0.81877,1.50,1.50
2011.08.11 19:05:49.968,0.81742,0.81877,1.50,1.50
2011.08.11 19:05:50.190,0.81736,0.81877,1.50,1.50
2011.08.11 19:05:50.628,0.81741,0.81871,1.50,1.50
2011.08.11 19:05:50.848,0.81746,0.81871,1.50,1.50
2011.08.11 19:05:51.400,0.81746,0.81871,1.50,1.50
2011.08.11 19:05:56.519,0.81747,0.81875,1.50,1.50
2011.08.11 19:05:57.508,0.81744,0.81874,1.50,1.88
2011.08.11 19:05:57.949,0.81739,0.81867,1.50,1.50
2011.08.11 19:05:58.677,0.81738,0.81863,1.35,1.50
2011.08.11 19:05:59.006,0.81738,0.81872,1.35,1.50
2011.08.11 19:05:59.729,0.81741,0.81871,1.50,1.50
2011.08.11 19:06:00.189,0.81742,0.81871,1.50,1.50
2011.08.11 19:06:01.896,0.81742,0.81871,1.50,1.50
2011.08.11 19:06:03.760,0.81741,0.81868,1.50,1.50
2011.08.11 19:06:05.658,0.81742,0.81868,1.50,1.50
2011.08.11 19:06:06.069,0.81743,0.81868,1.50,1.50
2011.08.11 19:06:06.647,0.81738,0.81872,1.35,1.50
2011.08.11 19:06:07.122,0.81745,0.81872,1.50,1.50
2011.08.11 19:06:07.869,0.81743,0.81853,1.50,1.50
2011.08.11 19:06:08.545,0.81737,0.81843,1.50,1.50
2011.08.11 19:06:09.619,0.81737,0.81843,1.50,1.50
2011.08.11 19:06:09.969,0.81741,0.81826,1.50,1.50
2011.08.11 19:06:10.140,0.81747,0.81826,1.50,1.50
2011.08.11 19:06:10.618,0.81747,0.81828,1.50,2.10
2011.08.11 19:06:11.169,0.81741,0.81828,1.50,1.35
2011.08.11 19:06:11.917,0.81746,0.81828,1.50,1.35
2011.08.11 19:06:12.651,0.81746,0.81828,1.50,1.35
2011.08.11 19:06:12.770,0.81756,0.81828,1.50,1.35
2011.08.11 19:06:13.028,0.81751,0.81828,1.50,1.35
2011.08.11 19:06:13.881,0.81742,0.8183,1.50,1.35
2011.08.11 19:06:13.999,0.81749,0.81853,1.13,1.50
2011.08.11 19:06:14.109,0.81749,0.81864,1.13,1.50
2011.08.11 19:06:14.430,0.81749,0.81874,1.13,1.50
2011.08.11 19:06:15.080,0.81749,0.81874,1.13,1.50
2011.08.11 19:06:15.508,0.81745,0.81873,1.13,1.13
2011.08.11 19:06:15.617,0.81745,0.81871,1.13,1.50
2011.08.11 19:06:15.840,0.81742,0.81865,1.13,1.50
2011.08.11 19:06:17.407,0.81742,0.81865,1.13,1.50
2011.08.11 19:06:17.880,0.81742,0.81865,1.13,1.50
2011.08.11 19:06:17.987,0.81742,0.81865,1.13,1.50
2011.08.11 19:06:19.858,0.81746,0.8187,1.13,1.50
2011.08.11 19:06:20.850,0.81746,0.8187,1.13,1.50
2011.08.11 19:06:21.937,0.81746,0.8187,1.13,1.50
2011.08.11 19:06:22.578,0.81747,0.81871,1.13,1.50
2011.08.11 19:06:23.380,0.81747,0.81871,1.13,1.50
2011.08.11 19:06:23.932,0.81746,0.81871,1.13,1.50
2011.08.11 19:06:25.403,0.81751,0.81871,1.50,1.50
2011.08.11 19:06:25.519,0.81783,0.81871,1.13,1.50
2011.08.11 19:06:25.738,0.81783,0.81871,1.13,1.50
2011.08.11 19:06:26.070,0.81768,0.81853,1.13,1.50
2011.08.11 19:06:26.658,0.81764,0.81848,1.13,1.50
2011.08.11 19:06:27.612,0.81768,0.81853,1.13,1.50
2011.08.11 19:06:27.939,0.81768,0.81857,1.13,1.13
2011.08.11 19:06:28.160,0.81764,0.81848,1.13,1.50
2011.08.11 19:06:28.268,0.81774,0.81848,1.13,1.50
2011.08.11 19:06:28.712,0.81774,0.81848,1.50,1.50
2011.08.11 19:06:29.068,0.81777,0.81856,1.50,1.50
2011.08.11 19:06:29.861,0.81777,0.81865,1.13,1.50
2011.08.11 19:06:29.968,0.81779,0.81866,1.13,1.13
2011.08.11 19:06:30.299,0.81777,0.81865,1.50,1.50
2011.08.11 19:06:30.956,0.81782,0.81867,1.13,2.10
2011.08.11 19:06:31.658,0.81782,0.81868,1.13,1.35
2011.08.11 19:06:31.768,0.81782,0.81867,1.13,1.35
2011.08.11 19:06:31.878,0.81782,0.81867,1.13,1.35
2011.08.11 19:06:32.687,0.81782,0.81867,1.13,1.35
2011.08.11 19:06:33.169,0.81782,0.81867,1.13,1.35
2011.08.11 19:06:33.498,0.81783,0.81867,1.13,3.60
2011.08.11 19:06:34.120,0.81783,0.81867,1.13,3.60
2011.08.11 19:06:34.922,0.81783,0.81867,1.13,3.60
2011.08.11 19:06:35.911,0.81783,0.81867,1.13,3.60
2011.08.11 19:06:36.462,0.81783,0.81867,1.13,3.60
2011.08.11 19:06:36.859,0.81783,0.81867,1.13,2.85
2011.08.11 19:06:37.079,0.81779,0.81862,1.88,2.25
2011.08.11 19:06:37.668,0.81779,0.81862,1.88,2.25
2011.08.11 19:06:37.888,0.81787,0.81866,1.13,2.25
2011.08.11 19:06:38.799,0.81787,0.81869,1.13,1.35
2011.08.11 19:06:39.870,0.81787,0.81868,1.13,1.35
2011.08.11 19:06:40.200,0.81787,0.81869,1.13,1.35
2011.08.11 19:06:41.189,0.81787,0.81867,1.13,1.35
2011.08.11 19:06:41.629,0.81787,0.81869,1.13,1.35
2011.08.11 19:06:44.660,0.81783,0.81867,1.13,1.35
2011.08.11 19:06:47.458,0.81782,0.81867,1.13,1.35
2011.08.11 19:06:48.317,0.81782,0.81866,1.13,1.50
2011.08.11 19:06:49.179,0.81782,0.81866,1.13,1.50
2011.08.11 19:06:49.503,0.81782,0.81866,1.13,1.50
2011.08.11 19:06:51.779,0.81779,0.81868,1.50,1.88
2011.08.11 19:06:52.139,0.81779,0.81867,1.50,3.38
2011.08.11 19:06:52.467,0.81783,0.81868,1.13,1.50
2011.08.11 19:06:53.268,0.81783,0.81868,1.13,1.50
2011.08.11 19:06:53.379,0.81783,0.81868,1.13,1.50
2011.08.11 19:06:54.203,0.81783,0.81864,1.13,1.50
2011.08.11 19:06:54.499,0.81783,0.81864,1.13,1.50
2011.08.11 19:06:54.981,0.81783,0.81864,1.13,1.50
2011.08.11 19:06:55.089,0.81783,0.81859,1.13,1.50
2011.08.11 19:06:55.197,0.81783,0.81864,1.13,1.50
2011.08.11 19:06:55.393,0.81783,0.81859,1.13,1.50
2011.08.11 19:06:55.933,0.81783,0.81859,1.13,1.50
2011.08.11 19:06:56.059,0.81783,0.81864,1.13,1.50
2011.08.11 19:06:56.168,0.81783,0.8187,1.13,1.88
2011.08.11 19:06:57.228,0.81786,0.8187,1.13,1.50
2011.08.11 19:06:58.278,0.81779,0.81868,1.13,3.38
2011.08.11 19:06:59.949,0.81779,0.81866,1.13,1.13
2011.08.11 19:07:00.392,0.81779,0.81866,1.13,1.13
2011.08.11 19:07:01.207,0.81786,0.81867,1.13,1.50
2011.08.11 19:07:01.428,0.81787,0.81874,1.13,1.13
2011.08.11 19:07:01.788,0.81783,0.81869,1.13,1.50
2011.08.11 19:07:03.921,0.81784,0.81871,1.13,1.88
2011.08.11 19:07:04.900,0.81784,0.81871,1.13,1.88
2011.08.11 19:07:05.228,0.81787,0.81871,1.13,1.50
2011.08.11 19:07:05.399,0.81786,0.81871,1.13,1.50
2011.08.11 19:07:05.906,0.81787,0.81876,1.13,4.13
2011.08.11 19:07:06.019,0.81787,0.81879,2.25,3.00
2011.08.11 19:07:06.129,0.81791,0.81879,1.13,3.00
2011.08.11 19:07:06.459,0.81791,0.81879,1.13,1.13
2011.08.11 19:07:07.213,0.81787,0.81875,1.13,2.25
2011.08.11 19:07:07.369,0.81787,0.81875,1.13,3.00
2011.08.11 19:07:09.679,0.81788,0.81875,1.13,1.13
2011.08.11 19:07:10.009,0.81792,0.81876,1.13,1.50
2011.08.11 19:07:11.538,0.81792,0.81879,1.13,3.38
2011.08.11 19:07:12.487,0.81792,0.81875,1.13,1.50
2011.08.11 19:07:13.209,0.81792,0.81875,1.13,1.50
2011.08.11 19:07:13.603,0.81792,0.81875,1.13,1.50
2011.08.11 19:07:14.421,0.81792,0.81877,1.13,1.50
2011.08.11 19:07:15.424,0.81792,0.81877,1.13,1.50
2011.08.11 19:07:15.917,0.81792,0.81879,1.13,3.38
2011.08.11 19:07:16.030,0.81792,0.81879,1.13,3.00
2011.08.11 19:07:16.470,0.81796,0.81885,1.50,1.50
2011.08.11 19:07:16.902,0.81792,0.81878,1.50,1.13
2011.08.11 19:07:17.185,0.81792,0.81874,1.13,1.13
2011.08.11 19:07:17.297,0.81793,0.81874,1.13,1.88
2011.08.11 19:07:17.898,0.81793,0.81874,1.13,1.88
2011.08.11 19:07:18.299,0.81791,0.8187,1.13,1.13
2011.08.11 19:07:18.410,0.81787,0.8187,1.88,1.13
2011.08.11 19:07:18.517,0.81787,0.81871,2.25,1.50
2011.08.11 19:07:19.652,0.81792,0.81873,1.13,1.50
2011.08.11 19:07:19.770,0.81791,0.81869,1.13,1.50
2011.08.11 19:07:20.638,0.81792,0.8187,1.50,1.13
2011.08.11 19:07:21.409,0.818,0.81878,1.13,1.13
2011.08.11 19:07:21.909,0.818,0.81878,1.13,1.13
2011.08.11 19:07:22.179,0.81798,0.81878,1.13,1.13
2011.08.11 19:07:22.730,0.818,0.81878,1.13,1.13
2011.08.11 19:07:25.400,0.818,0.81878,1.13,1.13
2011.08.11 19:07:26.571,0.818,0.81878,1.13,1.13
2011.08.11 19:07:28.439,0.818,0.81878,1.13,1.13
2011.08.11 19:07:28.881,0.818,0.81878,1.13,1.13
2011.08.11 19:07:30.544,0.818,0.81878,1.13,1.13
2011.08.11 19:07:30.661,0.818,0.81878,1.13,1.13
2011.08.11 19:07:31.849,0.818,0.81878,1.13,1.13
2011.08.11 19:07:32.728,0.81799,0.81878,1.13,1.13
2011.08.11 19:07:33.388,0.818,0.81878,1.13,1.13
2011.08.11 19:07:34.049,0.81799,0.81878,1.13,1.13
2011.08.11 19:07:34.267,0.81797,0.81874,1.50,1.13
2011.08.11 19:07:34.487,0.81799,0.81877,1.13,1.13
2011.08.11 19:07:35.644,0.81801,0.81877,1.13,1.13
2011.08.11 19:07:37.027,0.81797,0.81873,1.50,1.13
2011.08.11 19:07:37.138,0.81797,0.81873,1.50,1.13
2011.08.11 19:07:38.159,0.81801,0.81877,1.13,1.13
2011.08.11 19:07:38.559,0.81801,0.81877,1.13,1.13
2011.08.11 19:07:39.161,0.81801,0.81877,1.13,1.13
2011.08.11 19:07:39.862,0.81801,0.81877,1.13,1.13
2011.08.11 19:07:40.761,0.81795,0.81874,1.13,1.13
2011.08.11 19:07:40.988,0.81796,0.81874,1.50,1.13
2011.08.11 19:07:41.418,0.81796,0.81874,1.50,1.13
2011.08.11 19:07:41.850,0.81795,0.81874,1.13,1.13
2011.08.11 19:07:42.179,0.81795,0.81874,1.13,1.13
2011.08.11 19:07:42.517,0.818,0.81878,1.13,1.13
2011.08.11 19:07:44.968,0.818,0.81878,1.13,1.13
2011.08.11 19:07:45.740,0.818,0.81878,1.13,1.13
2011.08.11 19:07:47.108,0.81798,0.81878,1.13,1.13
2011.08.11 19:07:48.481,0.818,0.81878,1.13,1.13
2011.08.11 19:07:49.097,0.81795,0.81874,1.13,1.13
2011.08.11 19:07:49.210,0.81798,0.81877,1.13,1.13
2011.08.11 19:07:50.073,0.81801,0.81877,1.13,1.13
2011.08.11 19:07:51.569,0.81801,0.81877,1.13,1.13
2011.08.11 19:07:52.709,0.81801,0.81877,1.13,1.13
2011.08.11 19:07:53.880,0.81801,0.81877,1.13,1.13
2011.08.11 19:07:53.987,0.81801,0.81877,1.13,1.13
2011.08.11 19:07:56.079,0.81801,0.81877,1.13,1.13
2011.08.11 19:07:56.608,0.81798,0.81887,1.13,3.00
2011.08.11 19:07:57.401,0.818,0.81878,1.13,1.13
2011.08.11 19:07:57.841,0.818,0.81878,1.13,1.13
2011.08.11 19:07:58.220,0.818,0.81878,1.13,1.13
2011.08.11 19:07:58.328,0.818,0.81878,1.13,1.13
2011.08.11 19:08:00.268,0.818,0.81878,1.13,1.13
2011.08.11 19:08:00.419,0.818,0.81878,1.13,1.13
2011.08.11 19:08:00.810,0.81804,0.81883,1.13,1.13
2011.08.11 19:08:01.127,0.81804,0.81883,1.13,1.13
2011.08.11 19:08:02.274,0.81804,0.81863,1.13,1.13
2011.08.11 19:08:02.501,0.81805,0.81878,1.73,3.00
2011.08.11 19:08:03.121,0.81805,0.81882,1.73,1.13
2011.08.11 19:08:03.348,0.81798,0.81877,1.13,1.13
2011.08.11 19:08:03.460,0.81798,0.81879,1.50,1.35
2011.08.11 19:08:04.112,0.81801,0.81877,1.13,1.13
2011.08.11 19:08:04.662,0.81801,0.81877,1.13,1.13
2011.08.11 19:08:05.485,0.81801,0.81877,1.13,1.13
2011.08.11 19:08:05.870,0.81801,0.81877,1.13,1.13
2011.08.11 19:08:07.196,0.81801,0.81877,1.13,1.13
2011.08.11 19:08:10.052,0.81801,0.81877,1.13,1.13
2011.08.11 19:08:12.158,0.81801,0.81877,1.13,1.13
2011.08.11 19:08:13.247,0.81798,0.81879,1.13,1.35
2011.08.11 19:08:14.554,0.81801,0.81877,1.13,1.13
2011.08.11 19:08:14.819,0.81801,0.81877,1.13,1.13
2011.08.11 19:08:16.150,0.81801,0.81877,1.13,1.13
2011.08.11 19:08:16.667,0.81801,0.81864,1.13,1.50
2011.08.11 19:08:17.901,0.818,0.81863,1.13,1.13
2011.08.11 19:08:18.010,0.818,0.81859,1.13,1.13
2011.08.11 19:08:18.888,0.818,0.81859,1.13,1.13
2011.08.11 19:08:20.881,0.818,0.81859,1.13,1.13
2011.08.11 19:08:22.740,0.81802,0.81864,1.50,1.50
2011.08.11 19:08:23.275,0.81801,0.81864,1.50,1.50
2011.08.11 19:08:24.402,0.81801,0.81866,1.50,2.10
2011.08.11 19:08:25.143,0.818,0.81859,1.13,1.13
2011.08.11 19:08:25.929,0.818,0.81859,1.13,1.13
2011.08.11 19:08:26.446,0.81801,0.81859,1.50,1.13
2011.08.11 19:08:27.619,0.81799,0.81858,1.13,1.13
2011.08.11 19:08:27.744,0.81797,0.81866,1.88,1.35
2011.08.11 19:08:28.031,0.818,0.81866,1.13,1.35
2011.08.11 19:08:28.950,0.81802,0.81866,1.50,1.35
2011.08.11 19:08:29.279,0.81807,0.81877,1.13,1.88
2011.08.11 19:08:29.852,0.81807,0.81877,1.13,1.88
2011.08.11 19:08:31.389,0.81808,0.81877,1.88,1.13
2011.08.11 19:08:32.708,0.81808,0.81874,1.13,1.50
2011.08.11 19:08:34.595,0.81808,0.81877,1.13,1.13
2011.08.11 19:08:35.389,0.81808,0.81877,1.13,1.13
2011.08.11 19:08:36.191,0.81808,0.81877,1.13,1.13
2011.08.11 19:08:41.441,0.81807,0.81877,1.13,1.13
2011.08.11 19:08:41.562,0.81807,0.81877,1.13,1.13
2011.08.11 19:08:42.269,0.81811,0.81877,1.50,1.13
2011.08.11 19:08:43.307,0.81811,0.81877,1.50,1.13
2011.08.11 19:08:43.419,0.81811,0.81877,1.50,1.13
2011.08.11 19:08:44.460,0.81814,0.81885,1.13,1.13
2011.08.11 19:08:44.788,0.81817,0.81885,1.13,1.13
2011.08.11 19:08:45.450,0.81816,0.81885,1.13,1.13
2011.08.11 19:08:45.756,0.81813,0.81894,1.50,2.25
2011.08.11 19:08:45.867,0.81813,0.81909,1.50,1.50
2011.08.11 19:08:47.228,0.81813,0.81909,1.50,1.50
2011.08.11 19:08:47.815,0.81815,0.81911,1.13,1.50
2011.08.11 19:08:48.150,0.81815,0.81911,1.13,1.50
2011.08.11 19:08:48.381,0.81815,0.81911,1.13,1.50
2011.08.11 19:08:48.488,0.81814,0.8191,1.13,1.13
2011.08.11 19:08:49.151,0.81814,0.81909,1.13,1.50
2011.08.11 19:08:49.959,0.81813,0.81909,1.13,1.50
2011.08.11 19:08:50.378,0.81811,0.81897,1.50,1.13
2011.08.11 19:08:50.737,0.81809,0.81899,1.88,1.50
2011.08.11 19:08:50.848,0.81809,0.81893,1.13,1.50
2011.08.11 19:08:50.957,0.81809,0.81891,1.13,1.50
2011.08.11 19:08:51.881,0.81811,0.81886,1.50,1.13
2011.08.11 19:08:52.471,0.81809,0.81886,1.13,1.13
2011.08.11 19:08:52.578,0.81809,0.81886,1.13,1.13
2011.08.11 19:08:52.859,0.81809,0.81886,1.13,1.13
2011.08.11 19:08:53.010,0.8181,0.81886,1.50,1.13
2011.08.11 19:08:53.692,0.81812,0.8189,1.13,1.50
2011.08.11 19:08:54.737,0.81811,0.81886,1.50,1.13
2011.08.11 19:08:57.849,0.81809,0.81886,1.13,1.13
2011.08.11 19:08:58.470,0.81814,0.8189,1.13,1.50
2011.08.11 19:08:58.927,0.81811,0.81883,1.88,1.13
2011.08.11 19:08:59.349,0.81812,0.81881,1.13,1.13
2011.08.11 19:09:00.892,0.81811,0.81881,1.88,1.13
2011.08.11 19:09:01.149,0.81814,0.81881,1.13,1.13
2011.08.11 19:09:01.842,0.81814,0.81881,1.13,1.13
2011.08.11 19:09:01.952,0.8181,0.81877,1.50,1.13
2011.08.11 19:09:02.900,0.81811,0.81882,1.13,1.88
2011.08.11 19:09:03.329,0.81812,0.81882,1.13,1.88
2011.08.11 19:09:03.757,0.81811,0.8189,1.13,3.00
2011.08.11 19:09:04.562,0.81814,0.81891,1.13,1.13
2011.08.11 19:09:04.879,0.81811,0.81891,1.88,1.13
2011.08.11 19:09:05.573,0.81814,0.81891,1.13,1.13
2011.08.11 19:09:06.210,0.81814,0.81891,1.88,1.13
2011.08.11 19:09:06.568,0.81809,0.81886,1.13,1.13
2011.08.11 19:09:06.921,0.81809,0.81886,1.13,1.13
2011.08.11 19:09:07.038,0.81809,0.81894,1.13,3.00
2011.08.11 19:09:07.148,0.81809,0.81903,1.88,1.50
2011.08.11 19:09:07.839,0.81812,0.81905,1.50,1.50
2011.08.11 19:09:13.998,0.81812,0.81903,1.50,1.50
2011.08.11 19:09:14.326,0.81812,0.81937,1.50,1.13
2011.08.11 19:09:16.160,0.81815,0.81938,1.50,1.50
2011.08.11 19:09:16.271,0.81813,0.81934,1.13,1.50
2011.08.11 19:09:18.840,0.81813,0.81924,1.13,1.50
2011.08.11 19:09:21.731,0.81813,0.81924,1.13,1.50
2011.08.11 19:09:23.909,0.81811,0.81924,1.13,1.50
2011.08.11 19:09:24.017,0.81806,0.81924,1.50,1.50
2011.08.11 19:09:24.128,0.81807,0.81924,1.13,1.50
2011.08.11 19:09:24.458,0.8181,0.81918,1.13,1.50
2011.08.11 19:09:25.927,0.81812,0.81919,1.13,1.50
2011.08.11 19:09:26.761,0.81813,0.81919,1.13,1.50
2011.08.11 19:09:27.311,0.81815,0.81924,1.13,1.50
2011.08.11 19:09:27.617,0.81817,0.81924,1.13,1.50
2011.08.11 19:09:29.669,0.81819,0.81933,1.50,1.50
2011.08.11 19:09:29.979,0.81823,0.81933,1.35,1.50
2011.08.11 19:09:30.615,0.81857,0.81933,1.50,1.50
2011.08.11 19:09:32.321,0.81857,0.81946,2.25,1.50
2011.08.11 19:09:32.930,0.81857,0.81952,2.25,1.50
2011.08.11 19:09:35.388,0.81857,0.81953,2.25,1.13
2011.08.11 19:09:35.899,0.81857,0.81953,2.25,1.88
2011.08.11 19:09:37.808,0.81847,0.81963,3.38,2.63
2011.08.11 19:09:39.019,0.81857,0.81963,2.63,2.63
2011.08.11 19:09:39.127,0.81857,0.81963,2.63,2.63
2011.08.11 19:09:39.972,0.81857,0.81963,2.63,2.63
2011.08.11 19:09:40.737,0.81857,0.81963,3.38,2.63
2011.08.11 19:09:40.848,0.81857,0.81963,3.38,2.63
2011.08.11 19:09:40.958,0.81857,0.81963,2.63,2.63
2011.08.11 19:09:41.769,0.81857,0.81961,3.38,1.50
2011.08.11 19:09:41.987,0.81881,0.81958,1.13,1.13
2011.08.11 19:09:42.921,0.81881,0.81958,1.13,1.13
2011.08.11 19:09:44.594,0.81877,0.81954,1.13,1.13
2011.08.11 19:09:45.630,0.81881,0.81958,1.13,1.13
2011.08.11 19:09:46.880,0.81884,0.81963,1.13,1.13
2011.08.11 19:09:48.170,0.81888,0.81963,1.13,2.63
2011.08.11 19:09:50.961,0.81889,0.81963,1.13,2.63
2011.08.11 19:09:51.188,0.81884,0.81963,1.13,3.00
2011.08.11 19:09:52.833,0.81884,0.81963,1.13,3.00
2011.08.11 19:09:52.949,0.81884,0.81963,1.13,3.00
2011.08.11 19:09:54.160,0.81883,0.81963,1.13,3.75
2011.08.11 19:09:55.898,0.81884,0.81963,1.13,3.00
2011.08.11 19:09:58.449,0.81884,0.81963,1.13,3.00
2011.08.11 19:10:01.311,0.81884,0.81963,1.13,3.00
2011.08.11 19:10:04.005,0.81884,0.81963,1.13,3.00
2011.08.11 19:10:04.587,0.81885,0.81952,1.13,1.13
2011.08.11 19:10:04.697,0.81885,0.81942,1.13,1.13
2011.08.11 19:10:05.139,0.81885,0.81952,1.13,1.13
2011.08.11 19:10:05.248,0.81869,0.81944,3.00,1.13
2011.08.11 19:10:05.468,0.81875,0.81945,1.13,1.35
2011.08.11 19:10:05.689,0.8188,0.81945,1.13,1.35
2011.08.11 19:10:05.798,0.81884,0.81951,1.13,1.50
2011.08.11 19:10:06.429,0.81884,0.81951,1.13,1.50
2011.08.11 19:10:06.820,0.81884,0.81953,1.13,1.13
2011.08.11 19:10:07.039,0.81884,0.81943,1.13,1.13
2011.08.11 19:10:08.398,0.81884,0.81943,1.13,1.13
2011.08.11 19:10:09.019,0.81866,0.81942,1.13,1.13
2011.08.11 19:10:09.129,0.81866,0.81942,1.13,1.13
2011.08.11 19:10:12.138,0.81821,0.81943,1.50,1.13
2011.08.11 19:10:12.998,0.81821,0.81943,1.50,1.13
2011.08.11 19:10:14.899,0.81822,0.81943,1.50,1.13
2011.08.11 19:10:16.379,0.81822,0.81943,1.50,1.13
2011.08.11 19:10:21.109,0.81824,0.81943,1.50,1.13
2011.08.11 19:10:24.418,0.81824,0.81947,1.50,1.13
2011.08.11 19:10:24.531,0.81825,0.81952,1.50,1.13
2011.08.11 19:10:25.178,0.81825,0.81952,1.50,1.13
2011.08.11 19:10:26.128,0.81821,0.81952,1.50,1.13
2011.08.11 19:10:27.006,0.81821,0.81952,1.50,1.13
2011.08.11 19:10:28.368,0.81821,0.81952,1.50,1.13
2011.08.11 19:10:29.358,0.81819,0.81943,1.50,1.13
2011.08.11 19:10:29.467,0.81821,0.81943,1.50,1.13
2011.08.11 19:10:30.898,0.81822,0.81943,1.50,1.13
2011.08.11 19:10:31.593,0.81822,0.81943,1.50,1.13
2011.08.11 19:10:33.939,0.81824,0.81943,1.50,1.13
2011.08.11 19:10:34.195,0.81827,0.81942,1.50,1.13
2011.08.11 19:10:34.671,0.81855,0.81937,1.13,1.50
2011.08.11 19:10:35.804,0.81855,0.81937,1.13,1.50
2011.08.11 19:10:36.629,0.81855,0.81937,1.13,1.50
2011.08.11 19:10:36.869,0.81857,0.81939,1.50,1.50
2011.08.11 19:10:37.450,0.81875,0.81949,1.50,1.50
2011.08.11 19:10:38.609,0.8188,0.8196,1.13,1.88
2011.08.11 19:10:39.028,0.81871,0.81958,1.13,1.50
2011.08.11 19:10:39.826,0.81871,0.81958,1.13,1.50
2011.08.11 19:10:39.949,0.81871,0.81958,1.13,1.50
2011.08.11 19:10:40.870,0.81871,0.81958,1.13,1.50
2011.08.11 19:10:41.591,0.81871,0.8196,1.13,1.13
2011.08.11 19:10:42.859,0.81871,0.8196,1.13,1.13
2011.08.11 19:10:44.738,0.81867,0.81952,1.13,1.50
2011.08.11 19:10:45.909,0.81867,0.81946,1.13,1.50
2011.08.11 19:10:46.910,0.81867,0.81946,1.13,1.50
2011.08.11 19:10:47.470,0.81877,0.81946,1.13,1.50
2011.08.11 19:10:47.578,0.81877,0.81946,1.13,1.50
2011.08.11 19:10:48.229,0.81878,0.81946,1.13,1.50
2011.08.11 19:10:48.558,0.81882,0.8195,1.13,1.50
2011.08.11 19:10:48.778,0.81877,0.81946,1.13,1.50
2011.08.11 19:10:48.889,0.81877,0.81946,1.13,1.50
2011.08.11 19:10:49.759,0.81877,0.81946,1.13,1.50
2011.08.11 19:10:51.155,0.81877,0.81946,1.13,1.50
2011.08.11 19:10:51.514,0.81872,0.81947,1.13,1.50
2011.08.11 19:10:51.997,0.81871,0.81947,1.50,1.50
2011.08.11 19:10:53.039,0.81866,0.81942,1.88,1.13
2011.08.11 19:10:53.977,0.81866,0.81942,1.88,1.13
2011.08.11 19:10:54.380,0.81866,0.81942,1.13,1.13
2011.08.11 19:10:54.912,0.81868,0.81947,1.13,1.13
2011.08.11 19:10:55.869,0.8187,0.81956,1.13,1.13
2011.08.11 19:10:58.890,0.81868,0.81947,1.13,1.13
2011.08.11 19:10:59.508,0.81868,0.81947,1.13,1.13
2011.08.11 19:11:00.983,0.8187,0.81947,1.13,1.13
2011.08.11 19:11:01.210,0.81872,0.81948,1.13,1.50
2011.08.11 19:11:01.366,0.81871,0.81948,1.13,1.50
2011.08.11 19:11:02.390,0.8187,0.81957,1.13,1.50
2011.08.11 19:11:03.401,0.81871,0.81953,1.88,1.50
2011.08.11 19:11:03.927,0.81871,0.81959,1.13,1.50
2011.08.11 19:11:04.593,0.81871,0.81952,1.88,1.50
2011.08.11 19:11:04.953,0.81872,0.81952,1.50,1.50
2011.08.11 19:11:05.390,0.81872,0.81953,1.50,1.50
2011.08.11 19:11:05.940,0.81876,0.81959,1.50,1.50
2011.08.11 19:11:11.237,0.81873,0.81961,1.13,1.88
2011.08.11 19:11:12.859,0.81872,0.8196,1.13,1.50
2011.08.11 19:11:14.379,0.81874,0.81959,1.13,1.50
2011.08.11 19:11:16.349,0.81873,0.81959,1.13,1.50
2011.08.11 19:11:17.439,0.81871,0.81962,3.38,1.50
2011.08.11 19:11:18.278,0.81873,0.81962,1.13,1.13
2011.08.11 19:11:18.918,0.81873,0.81959,1.13,1.50
2011.08.11 19:11:19.027,0.81873,0.81959,1.13,1.50
2011.08.11 19:11:19.442,0.81873,0.81962,1.13,3.38
2011.08.11 19:11:19.779,0.8188,0.81964,1.13,1.50
2011.08.11 19:11:20.220,0.81877,0.81966,1.13,1.13
2011.08.11 19:11:20.550,0.81881,0.81969,1.13,1.50
2011.08.11 19:11:20.659,0.81881,0.81969,1.13,1.50
2011.08.11 19:11:20.957,0.81872,0.81966,3.38,3.00
2011.08.11 19:11:21.209,0.81872,0.81966,4.13,3.00
2011.08.11 19:11:22.298,0.81872,0.81966,4.13,3.75
2011.08.11 19:11:22.926,0.81872,0.81966,4.13,3.75
2011.08.11 19:11:23.716,0.81872,0.81964,4.13,1.50
2011.08.11 19:11:24.173,0.81872,0.81966,4.13,3.00
2011.08.11 19:11:24.500,0.81872,0.8196,4.13,1.50
2011.08.11 19:11:25.249,0.81872,0.81966,4.13,3.00
2011.08.11 19:11:25.359,0.81872,0.81966,3.38,3.00
2011.08.11 19:11:26.260,0.81874,0.81959,1.13,1.50
2011.08.11 19:11:27.362,0.81873,0.81959,1.13,1.50
2011.08.11 19:11:27.870,0.81873,0.81959,1.13,1.50
2011.08.11 19:11:33.885,0.81873,0.81959,1.13,1.50
2011.08.11 19:11:34.151,0.81874,0.81961,1.13,1.13
2011.08.11 19:11:34.478,0.81872,0.81967,1.13,3.00
2011.08.11 19:11:35.013,0.81872,0.81967,1.13,3.00
2011.08.11 19:11:38.689,0.81872,0.81967,1.13,3.00
2011.08.11 19:11:39.963,0.81872,0.81963,1.13,1.50
2011.08.11 19:11:40.069,0.81872,0.81963,1.13,1.50
2011.08.11 19:11:40.436,0.81872,0.81963,1.88,1.50
2011.08.11 19:11:40.550,0.81876,0.81961,1.50,1.13
2011.08.11 19:11:40.661,0.81872,0.81957,1.13,1.50
2011.08.11 19:11:40.781,0.81871,0.81957,3.75,1.88
2011.08.11 19:11:41.010,0.81873,0.81957,1.13,1.50
2011.08.11 19:11:42.231,0.8187,0.81955,1.13,1.50
2011.08.11 19:11:42.362,0.8187,0.81955,1.13,1.50
2011.08.11 19:11:42.972,0.81869,0.81955,1.50,1.50
2011.08.11 19:11:43.199,0.81868,0.81959,1.50,3.00
2011.08.11 19:11:43.419,0.81866,0.81951,1.50,1.50
2011.08.11 19:11:44.046,0.81865,0.81953,1.13,1.88
2011.08.11 19:11:44.441,0.81865,0.81953,1.13,1.13
2011.08.11 19:11:44.548,0.81865,0.81949,1.13,1.50
2011.08.11 19:11:45.077,0.81865,0.81953,1.13,1.13
2011.08.11 19:11:45.712,0.81865,0.81952,1.13,1.50
2011.08.11 19:11:47.481,0.81865,0.81949,1.13,1.50
2011.08.11 19:11:47.839,0.81865,0.81952,1.13,1.50
2011.08.11 19:11:48.140,0.81865,0.81952,1.13,1.50
2011.08.11 19:11:48.662,0.81862,0.81949,1.50,1.13
2011.08.11 19:11:48.889,0.81862,0.81949,1.50,1.13
2011.08.11 19:11:49.002,0.81866,0.8195,1.13,3.00
2011.08.11 19:11:49.657,0.81876,0.8195,1.13,2.25
2011.08.11 19:11:49.781,0.81873,0.81954,1.13,2.25
2011.08.11 19:11:49.889,0.81873,0.81959,1.13,1.50
2011.08.11 19:11:49.998,0.81871,0.81958,1.50,3.00
2011.08.11 19:11:50.502,0.81871,0.81958,1.50,1.50
2011.08.11 19:11:51.710,0.8187,0.81956,1.73,1.13
2011.08.11 19:11:52.805,0.8187,0.81953,1.35,1.13
2011.08.11 19:11:53.553,0.8187,0.81953,1.35,1.13
2011.08.11 19:11:54.191,0.81872,0.81961,1.13,1.13
2011.08.11 19:11:54.309,0.81872,0.81961,1.13,1.13
2011.08.11 19:11:54.992,0.81872,0.81959,1.88,1.50
2011.08.11 19:11:55.869,0.81872,0.81959,1.88,1.50
2011.08.11 19:11:56.639,0.81872,0.81959,1.88,1.50
2011.08.11 19:11:57.752,0.8187,0.81951,1.35,1.13
2011.08.11 19:11:58.840,0.8187,0.81951,1.35,1.13
2011.08.11 19:11:59.610,0.8187,0.81951,1.35,1.13
2011.08.11 19:11:59.718,0.8187,0.81951,1.35,1.13
2011.08.11 19:12:00.492,0.8187,0.81951,1.35,1.13
2011.08.11 19:12:00.651,0.8187,0.81951,1.35,1.13
2011.08.11 19:12:01.130,0.81867,0.81947,2.63,1.13
2011.08.11 19:12:01.237,0.81862,0.81947,1.50,1.13
2011.08.11 19:12:01.988,0.81857,0.81943,2.63,1.13
2011.08.11 19:12:02.802,0.81858,0.81943,1.50,1.13
2011.08.11 19:12:04.000,0.81857,0.81943,2.63,1.88
2011.08.11 19:12:04.518,0.81857,0.81943,2.63,1.88
2011.08.11 19:12:04.737,0.81857,0.81941,2.63,1.50
2011.08.11 19:12:05.338,0.81857,0.81943,2.63,1.13
2011.08.11 19:12:05.448,0.81857,0.81939,2.63,1.50
2011.08.11 19:12:08.714,0.81857,0.81939,2.63,1.50
2011.08.11 19:12:09.290,0.81856,0.81943,1.13,1.13
2011.08.11 19:12:09.869,0.81856,0.81939,1.13,1.50
2011.08.11 19:12:14.055,0.81856,0.81938,1.13,1.50
2011.08.11 19:12:14.918,0.81852,0.81941,1.35,3.00
2011.08.11 19:12:15.028,0.81852,0.8193,1.35,1.13
2011.08.11 19:12:15.468,0.81852,0.81936,1.35,1.13
2011.08.11 19:12:17.212,0.81852,0.81937,1.35,2.63
2011.08.11 19:12:17.321,0.81856,0.81943,1.13,1.13
2011.08.11 19:12:17.651,0.8186,0.81944,1.13,3.38
2011.08.11 19:12:17.857,0.8186,0.81944,1.13,3.38
2011.08.11 19:12:18.532,0.81856,0.81944,1.50,3.75
2011.08.11 19:12:19.870,0.81856,0.8194,1.50,1.50
2011.08.11 19:12:20.090,0.81856,0.8194,1.50,1.50
2011.08.11 19:12:20.685,0.81856,0.8194,1.50,1.50
2011.08.11 19:12:21.413,0.81855,0.81943,1.13,1.50
2011.08.11 19:12:21.528,0.81852,0.81935,1.35,1.13
2011.08.11 19:12:22.191,0.81852,0.81935,1.35,1.13
2011.08.11 19:12:22.308,0.81852,0.81935,1.35,1.13
2011.08.11 19:12:22.692,0.81852,0.81935,1.35,1.13
2011.08.11 19:12:22.912,0.81851,0.81931,1.35,1.50
2011.08.11 19:12:23.520,0.81848,0.81933,1.88,1.50
2011.08.11 19:12:24.161,0.81848,0.81933,1.88,1.50
2011.08.11 19:12:33.865,0.81851,0.81934,1.13,1.50
2011.08.11 19:12:34.540,0.81852,0.81932,1.13,1.50
2011.08.11 19:12:34.998,0.81853,0.81932,1.50,1.50
2011.08.11 19:12:36.190,0.81856,0.81933,1.50,1.50
2011.08.11 19:12:36.550,0.81876,0.81933,2.10,1.50
2011.08.11 19:12:36.969,0.81881,0.81938,1.50,1.50
2011.08.11 19:12:37.692,0.81881,0.81938,1.50,1.50
2011.08.11 19:12:38.050,0.81891,0.81943,1.35,3.00
2011.08.11 19:12:38.269,0.81892,0.81943,1.35,2.63
2011.08.11 19:12:38.491,0.81892,0.81944,1.35,1.50
2011.08.11 19:12:39.810,0.81898,0.8195,1.35,1.50
2011.08.11 19:12:40.039,0.81898,0.81947,1.35,1.50
2011.08.11 19:12:40.148,0.81898,0.81947,1.35,1.50
2011.08.11 19:12:40.759,0.81898,0.81947,1.35,1.50
2011.08.11 19:12:41.689,0.81899,0.81949,1.35,1.50
2011.08.11 19:12:42.331,0.81899,0.81949,1.35,1.50
2011.08.11 19:12:42.440,0.81899,0.81949,1.35,1.50
2011.08.11 19:12:42.941,0.81899,0.81949,1.35,1.50
2011.08.11 19:12:45.361,0.81899,0.81951,1.35,1.50
2011.08.11 19:12:45.468,0.81896,0.81948,1.35,1.13
2011.08.11 19:12:46.071,0.81899,0.8196,1.73,1.35
2011.08.11 19:12:46.178,0.81899,0.8196,1.73,1.35
2011.08.11 19:12:48.253,0.81897,0.81963,2.25,1.50
2011.08.11 19:12:49.928,0.81897,0.81963,2.25,1.50
2011.08.11 19:12:50.271,0.81897,0.81963,2.25,1.50
2011.08.11 19:12:51.131,0.81897,0.81963,2.25,1.50
2011.08.11 19:12:52.721,0.81897,0.81964,1.88,1.50
2011.08.11 19:12:52.827,0.81885,0.81964,3.00,1.50
2011.08.11 19:12:52.938,0.81862,0.81964,1.50,1.50
2011.08.11 19:12:53.309,0.81862,0.8196,1.50,1.50
2011.08.11 19:12:53.527,0.8186,0.81953,1.88,1.50
2011.08.11 19:12:53.747,0.8186,0.81954,1.88,1.50
2011.08.11 19:12:54.248,0.8186,0.81954,1.13,1.50
2011.08.11 19:12:54.637,0.81863,0.81959,1.50,1.50
2011.08.11 19:12:55.280,0.8186,0.81952,1.13,1.50
2011.08.11 19:12:55.617,0.81859,0.81952,1.13,1.50
2011.08.11 19:12:56.139,0.81857,0.8196,5.25,1.50
2011.08.11 19:12:56.256,0.81856,0.8195,1.13,1.50
2011.08.11 19:12:56.479,0.81857,0.81958,1.50,1.50
2011.08.11 19:12:56.587,0.81857,0.81958,1.50,1.50
2011.08.11 19:12:57.639,0.81856,0.81959,2.25,1.50
2011.08.11 19:12:58.919,0.81892,0.81957,1.73,1.50
2011.08.11 19:12:59.692,0.81908,0.81963,1.50,1.50
2011.08.11 19:12:59.978,0.81892,0.81959,1.13,2.10
2011.08.11 19:13:00.199,0.81907,0.81959,1.50,1.35
2011.08.11 19:13:00.309,0.81907,0.81964,1.50,2.10
2011.08.11 19:13:00.528,0.81857,0.81958,1.50,1.50
2011.08.11 19:13:00.757,0.81858,0.81954,1.50,1.13
2011.08.11 19:13:00.978,0.81857,0.81948,1.13,1.50
2011.08.11 19:13:02.041,0.81909,0.81964,1.50,3.00
2011.08.11 19:13:02.379,0.81909,0.81966,1.50,1.50
2011.08.11 19:13:03.908,0.8191,0.81967,1.50,1.50
2011.08.11 19:13:04.869,0.8191,0.81967,1.50,1.50
2011.08.11 19:13:06.409,0.81915,0.81967,1.35,2.10
2011.08.11 19:13:09.118,0.81915,0.81965,1.35,1.50
2011.08.11 19:13:09.228,0.81915,0.81965,1.35,1.50
2011.08.11 19:13:10.201,0.81915,0.81967,1.35,1.35
2011.08.11 19:13:12.330,0.81915,0.81967,1.35,1.35
2011.08.11 19:13:12.760,0.81915,0.81967,1.35,1.35
2011.08.11 19:13:13.643,0.81915,0.81967,1.35,1.35
2011.08.11 19:13:13.758,0.81915,0.81967,1.35,1.35
2011.08.11 19:13:20.849,0.81915,0.81967,1.35,2.10
2011.08.11 19:13:22.029,0.81916,0.81967,1.50,1.35
2011.08.11 19:13:24.928,0.81915,0.81967,1.35,1.35
2011.08.11 19:13:27.158,0.81917,0.81968,1.50,1.35
2011.08.11 19:13:27.490,0.8194,0.81983,2.10,2.63
2011.08.11 19:13:27.600,0.81935,0.81988,1.35,1.35
2011.08.11 19:13:27.938,0.81938,0.81988,1.13,1.35
2011.08.11 19:13:28.846,0.81937,0.81987,1.35,1.50
2011.08.11 19:13:30.400,0.81921,0.81974,1.35,2.10
2011.08.11 19:13:30.508,0.81924,0.81978,2.48,1.35
2011.08.11 19:13:31.359,0.81921,0.81988,1.50,1.50
2011.08.11 19:13:32.188,0.81921,0.81988,1.50,1.50
2011.08.11 19:13:32.737,0.81921,0.81988,1.50,1.50
2011.08.11 19:13:35.873,0.81926,0.81989,2.25,1.50
2011.08.11 19:13:36.431,0.81926,0.81989,2.25,1.50
2011.08.11 19:13:36.891,0.81926,0.81989,1.88,1.50
2011.08.11 19:13:38.888,0.81926,0.81989,1.88,1.50
2011.08.11 19:13:46.621,0.81926,0.81989,1.88,1.50
2011.08.11 19:13:46.730,0.81926,0.81989,2.25,1.50
2011.08.11 19:13:48.650,0.81926,0.81992,2.25,2.10
2011.08.11 19:13:48.758,0.81926,0.81992,2.25,2.10
2011.08.11 19:13:48.870,0.81927,0.81992,1.13,1.35
2011.08.11 19:13:49.480,0.81927,0.81999,1.13,1.50
2011.08.11 19:13:50.600,0.81929,0.81996,1.13,1.50
2011.08.11 19:13:51.290,0.81929,0.81996,1.13,1.50
2011.08.11 19:13:54.549,0.81928,0.81993,1.13,1.50
2011.08.11 19:14:09.350,0.81927,0.81995,3.00,1.50
2011.08.11 19:14:09.568,0.81913,0.81993,2.25,1.50
2011.08.11 19:14:09.677,0.819,0.81993,1.50,1.50
2011.08.11 19:14:11.941,0.81891,0.8199,1.50,1.50
2011.08.11 19:14:12.481,0.81891,0.8199,1.50,1.50
2011.08.11 19:14:14.270,0.81889,0.81989,1.88,1.50
2011.08.11 19:14:14.727,0.81889,0.81989,1.50,1.50
2011.08.11 19:14:15.260,0.81887,0.81989,2.63,1.50
2011.08.11 19:14:15.681,0.81887,0.81993,2.63,4.13
2011.08.11 19:14:15.953,0.81887,0.81989,2.63,1.50
2011.08.11 19:14:16.879,0.81887,0.81986,3.00,1.50
2011.08.11 19:14:17.648,0.81887,0.81993,3.00,3.00
2011.08.11 19:14:17.758,0.81896,0.81993,1.50,3.00
2011.08.11 19:14:17.980,0.819,0.82001,1.13,1.50
2011.08.11 19:14:20.842,0.819,0.82,1.13,1.50
2011.08.11 19:14:22.481,0.81903,0.82,1.13,1.50
2011.08.11 19:14:23.028,0.81901,0.82001,1.50,1.50
2011.08.11 19:14:25.459,0.81896,0.81999,1.88,1.50
2011.08.11 19:14:25.568,0.81896,0.81998,1.88,1.50
2011.08.11 19:14:25.789,0.819,0.81999,1.13,1.50
2011.08.11 19:14:26.079,0.819,0.82,1.13,1.50
2011.08.11 19:14:28.870,0.819,0.82,1.13,1.50
2011.08.11 19:14:29.775,0.81912,0.82017,1.50,1.50
2011.08.11 19:14:30.042,0.81911,0.82016,3.75,1.50
2011.08.11 19:14:30.269,0.81911,0.82011,2.25,1.50
2011.08.11 19:14:30.489,0.81911,0.82011,3.00,1.50
2011.08.11 19:14:31.841,0.81908,0.82011,1.50,1.50
2011.08.11 19:14:32.918,0.81908,0.82011,1.50,1.50
2011.08.11 19:14:34.019,0.81916,0.82013,1.13,1.50
2011.08.11 19:14:34.871,0.81916,0.82014,1.13,1.50
2011.08.11 19:14:35.689,0.81916,0.82014,1.13,1.50
2011.08.11 19:14:35.871,0.81916,0.82014,1.13,1.50
2011.08.11 19:14:36.191,0.81916,0.82014,1.13,1.50
2011.08.11 19:14:36.521,0.81919,0.82018,3.00,1.50
2011.08.11 19:14:36.738,0.81919,0.82018,3.00,1.50
2011.08.11 19:14:37.400,0.81928,0.82029,1.13,1.50
2011.08.11 19:14:37.509,0.81928,0.82029,1.13,1.50
2011.08.11 19:14:38.180,0.81928,0.82029,1.13,1.50
2011.08.11 19:14:38.729,0.81927,0.82031,3.75,1.35
2011.08.11 19:14:39.619,0.81927,0.82031,3.75,1.35
2011.08.11 19:14:39.891,0.81927,0.82029,3.00,1.50
2011.08.11 19:14:40.117,0.81931,0.82029,1.13,1.50
2011.08.11 19:14:41.263,0.81932,0.82031,1.13,1.35
2011.08.11 19:14:42.420,0.8193,0.82031,1.13,1.35
2011.08.11 19:14:42.802,0.81932,0.82009,1.13,1.50
2011.08.11 19:14:43.571,0.81932,0.82009,1.13,1.50
2011.08.11 19:14:44.241,0.81932,0.82031,1.13,1.35
2011.08.11 19:14:44.369,0.81931,0.82013,1.13,1.50
2011.08.11 19:14:44.881,0.81929,0.82013,1.13,1.50
2011.08.11 19:14:44.990,0.81928,0.82019,1.13,1.50
2011.08.11 19:14:46.430,0.81928,0.82019,1.13,1.50
2011.08.11 19:14:47.782,0.81929,0.82018,1.13,1.50
2011.08.11 19:14:48.009,0.81931,0.82014,1.13,1.50
2011.08.11 19:14:48.980,0.81933,0.82018,1.13,1.50
2011.08.11 19:14:51.018,0.8193,0.82013,1.13,1.50
2011.08.11 19:14:52.041,0.81933,0.82013,1.13,1.50
2011.08.11 19:14:54.878,0.81932,0.82013,1.13,1.50
2011.08.11 19:14:57.365,0.81933,0.82019,1.13,1.50
2011.08.11 19:14:57.969,0.81928,0.82019,3.00,1.50
2011.08.11 19:14:58.191,0.81929,0.82019,1.13,1.50
2011.08.11 19:14:58.409,0.81929,0.82019,1.13,1.50
2011.08.11 19:14:58.749,0.81927,0.82024,3.38,1.50
2011.08.11 19:14:59.480,0.81927,0.82018,1.50,1.50
2011.08.11 19:15:00.070,0.81925,0.82018,1.50,1.50
2011.08.11 19:15:02.270,0.81924,0.82008,1.13,1.50
2011.08.11 19:15:02.382,0.81925,0.82013,1.50,1.50
2011.08.11 19:15:02.680,0.81924,0.82008,1.13,1.50
2011.08.11 19:15:03.480,0.81924,0.82021,1.13,1.50
2011.08.11 19:15:04.046,0.81924,0.82008,1.13,1.50
2011.08.11 19:15:05.679,0.81924,0.82008,1.13,1.50
2011.08.11 19:15:06.249,0.81921,0.82013,1.50,1.50
2011.08.11 19:15:07.064,0.81921,0.82009,1.88,1.50
2011.08.11 19:15:07.269,0.81923,0.82009,1.13,1.50
2011.08.11 19:15:07.787,0.8192,0.82008,1.13,1.50
2011.08.11 19:15:08.008,0.81919,0.82008,1.13,1.50
2011.08.11 19:15:08.558,0.81917,0.82008,1.50,1.50
2011.08.11 19:15:09.688,0.81915,0.81999,1.13,1.50
2011.08.11 19:15:12.219,0.81915,0.82004,1.88,1.50
2011.08.11 19:15:12.891,0.81915,0.81999,1.13,1.50
2011.08.11 19:15:13.952,0.81915,0.82003,1.88,1.50
2011.08.11 19:15:14.290,0.81911,0.82004,1.88,1.50
2011.08.11 19:15:14.651,0.81914,0.82004,1.50,1.50
2011.08.11 19:15:14.759,0.81912,0.82003,1.50,1.50
2011.08.11 19:15:14.979,0.81915,0.82004,1.13,1.50
2011.08.11 19:15:17.278,0.81915,0.82008,1.13,1.50
2011.08.11 19:15:17.777,0.81917,0.82008,1.50,1.50
2011.08.11 19:15:17.896,0.81921,0.82003,1.13,1.50
2011.08.11 19:15:18.274,0.8192,0.82008,1.50,1.50
2011.08.11 19:15:18.494,0.81921,0.82014,1.13,1.50
2011.08.11 19:15:19.933,0.81921,0.82014,1.13,1.50
2011.08.11 19:15:20.594,0.81921,0.82014,1.13,1.50
2011.08.11 19:15:24.161,0.81921,0.82014,1.13,1.50
2011.08.11 19:15:25.472,0.81925,0.82019,1.13,1.50
2011.08.11 19:15:31.210,0.81925,0.82022,1.13,1.50
2011.08.11 19:15:31.319,0.81927,0.82022,1.13,1.50
2011.08.11 19:15:34.396,0.81928,0.82017,1.13,1.50
2011.08.11 19:15:35.176,0.81924,0.82017,1.13,1.50
2011.08.11 19:15:35.281,0.81924,0.82017,1.13,1.50
2011.08.11 19:15:36.860,0.81924,0.82017,1.13,1.50
2011.08.11 19:15:37.585,0.81924,0.82017,1.13,1.50
2011.08.11 19:15:38.952,0.81922,0.82015,1.13,1.50
2011.08.11 19:15:40.153,0.81922,0.82008,1.50,1.50
2011.08.11 19:15:40.260,0.81922,0.82009,1.50,1.50
2011.08.11 19:15:40.370,0.81932,0.82013,1.13,1.50
2011.08.11 19:15:40.482,0.81935,0.82024,1.50,1.50
2011.08.11 19:15:40.812,0.81935,0.82024,1.50,1.50
2011.08.11 19:15:41.421,0.81935,0.82024,1.50,1.50
2011.08.11 19:15:41.654,0.8194,0.82027,1.13,1.50
2011.08.11 19:15:42.411,0.81934,0.82023,3.38,1.50
2011.08.11 19:15:43.061,0.81938,0.82026,1.13,1.50
2011.08.11 19:15:43.373,0.8194,0.8203,1.13,1.50
2011.08.11 19:15:44.171,0.81945,0.82035,1.50,1.50
2011.08.11 19:15:44.283,0.81945,0.82035,1.50,1.50
2011.08.11 19:15:44.389,0.81945,0.82035,1.50,1.50
2011.08.11 19:15:44.960,0.81945,0.82035,1.50,1.50
2011.08.11 19:15:45.072,0.81945,0.82035,1.50,1.50
2011.08.11 19:15:45.180,0.81945,0.82035,1.50,1.50
2011.08.11 19:15:46.046,0.81942,0.82032,3.75,1.50
2011.08.11 19:15:46.176,0.81942,0.82032,3.75,1.50
2011.08.11 19:15:46.661,0.81942,0.82032,3.38,1.50
2011.08.11 19:15:46.991,0.8194,0.8203,1.50,1.50
2011.08.11 19:15:47.223,0.8194,0.8203,1.50,1.50
2011.08.11 19:15:47.927,0.8194,0.8203,1.50,1.50
2011.08.11 19:15:48.044,0.8194,0.8203,1.13,1.50
2011.08.11 19:15:48.270,0.81937,0.82028,1.50,1.50
2011.08.11 19:15:48.721,0.81939,0.82028,2.63,1.50
2011.08.11 19:15:48.942,0.8194,0.82031,1.50,1.50
2011.08.11 19:15:50.857,0.8194,0.82031,1.50,1.50
2011.08.11 19:15:51.403,0.8194,0.82031,1.50,1.50
2011.08.11 19:15:51.730,0.81943,0.82031,3.00,1.50
2011.08.11 19:15:53.716,0.81948,0.82036,1.13,1.50
2011.08.11 19:15:54.561,0.81943,0.82032,3.00,1.50
2011.08.11 19:15:55.384,0.81943,0.82032,3.00,1.50
2011.08.11 19:15:55.673,0.81944,0.82032,1.50,1.50
2011.08.11 19:15:55.781,0.81937,0.82013,2.63,3.00
2011.08.11 19:15:56.002,0.81936,0.81991,1.50,1.35
2011.08.11 19:15:56.111,0.81935,0.82001,1.35,1.35
2011.08.11 19:15:57.532,0.81936,0.82001,1.73,1.35
2011.08.11 19:15:57.860,0.8194,0.81999,1.13,1.50
2011.08.11 19:15:58.201,0.81938,0.81998,1.13,1.13
2011.08.11 19:15:58.852,0.81938,0.81995,1.13,1.50
2011.08.11 19:15:59.624,0.81938,0.81995,1.13,1.50
2011.08.11 19:16:00.064,0.81938,0.82007,1.13,1.50
2011.08.11 19:16:00.181,0.81938,0.82007,1.13,1.50
2011.08.11 19:16:01.160,0.81933,0.82016,3.00,1.50
2011.08.11 19:16:01.381,0.8193,0.82009,1.13,1.50
2011.08.11 19:16:01.491,0.8193,0.82009,1.13,1.50
2011.08.11 19:16:02.184,0.8193,0.82009,1.13,1.50
2011.08.11 19:16:02.375,0.8193,0.82009,1.13,1.50
2011.08.11 19:16:02.821,0.81931,0.82014,1.50,1.50
2011.08.11 19:16:03.665,0.81937,0.82016,1.13,1.50
2011.08.11 19:16:03.962,0.81934,0.82014,1.13,1.50
2011.08.11 19:16:04.503,0.81934,0.82014,1.50,1.50
2011.08.11 19:16:04.979,0.81939,0.82017,1.13,1.50
2011.08.11 19:16:06.010,0.81937,0.82017,1.13,1.50
2011.08.11 19:16:06.451,0.81938,0.82022,3.38,1.50
2011.08.11 19:16:07.724,0.81937,0.82016,1.13,1.50
2011.08.11 19:16:08.262,0.8194,0.82014,1.13,1.50
2011.08.11 19:16:08.600,0.81936,0.82009,1.50,1.50
2011.08.11 19:16:09.631,0.81936,0.82009,1.13,1.50
2011.08.11 19:16:09.849,0.81936,0.82009,1.13,1.50
2011.08.11 19:16:10.213,0.81937,0.82003,1.13,1.50
2011.08.11 19:16:10.320,0.81937,0.82003,1.13,1.50
2011.08.11 19:16:12.830,0.81932,0.81999,1.50,1.50
2011.08.11 19:16:14.510,0.81931,0.81999,2.25,1.50
2011.08.11 19:16:16.562,0.81931,0.81999,2.25,1.50
2011.08.11 19:16:16.893,0.81932,0.82004,1.50,1.50
2011.08.11 19:16:17.406,0.81932,0.82004,2.25,1.50
2011.08.11 19:16:18.003,0.81935,0.82021,1.50,1.50
2011.08.11 19:16:18.393,0.81936,0.82021,1.13,1.50
2011.08.11 19:16:22.152,0.81934,0.82013,3.00,1.50
2011.08.11 19:16:22.479,0.81891,0.8202,1.13,1.50
2011.08.11 19:16:23.490,0.81891,0.82021,1.13,1.50
2011.08.11 19:16:24.461,0.81888,0.82019,1.13,1.50
2011.08.11 19:16:25.860,0.81888,0.82018,1.13,1.50
2011.08.11 19:16:26.691,0.81887,0.82016,1.13,1.50
2011.08.11 19:16:29.152,0.81891,0.82016,1.13,1.50
2011.08.11 19:16:31.865,0.81891,0.82019,1.13,1.50
2011.08.11 19:16:31.981,0.81887,0.82019,1.13,1.50
2011.08.11 19:16:32.902,0.81887,0.82023,1.13,1.13
2011.08.11 19:16:33.229,0.81887,0.82013,1.13,1.88
2011.08.11 19:16:33.452,0.81887,0.82013,1.13,1.88
2011.08.11 19:16:33.671,0.81883,0.82009,1.13,1.88
2011.08.11 19:16:34.491,0.81883,0.82009,1.13,1.88
2011.08.11 19:16:35.091,0.81883,0.82003,1.13,1.50
2011.08.11 19:16:35.861,0.81883,0.82003,1.13,1.50
2011.08.11 19:16:37.610,0.81883,0.82003,1.13,1.50
2011.08.11 19:16:38.013,0.81883,0.82003,1.13,1.50
2011.08.11 19:16:40.982,0.81883,0.8201,1.13,1.50
2011.08.11 19:16:45.943,0.81883,0.8201,1.13,1.50
2011.08.11 19:16:46.492,0.81883,0.82008,1.13,1.50
2011.08.11 19:16:47.911,0.81873,0.82006,1.13,1.50
2011.08.11 19:16:48.681,0.81873,0.82009,1.13,1.50
2011.08.11 19:16:49.017,0.81873,0.82002,1.13,1.50
2011.08.11 19:16:50.890,0.81937,0.82002,0.75,1.50
2011.08.11 19:16:51.261,0.81934,0.82001,1.50,1.50
2011.08.11 19:16:51.373,0.81934,0.82001,1.50,1.50
2011.08.11 19:16:51.716,0.81934,0.82001,1.50,1.50
2011.08.11 19:16:51.830,0.81937,0.82004,1.50,1.50
2011.08.11 19:16:52.281,0.81933,0.81999,1.50,1.50
2011.08.11 19:16:53.221,0.81933,0.81999,1.50,1.50
2011.08.11 19:16:53.920,0.81935,0.81998,1.13,1.50
2011.08.11 19:16:54.033,0.81932,0.81998,1.13,1.50
2011.08.11 19:16:54.623,0.81935,0.81993,1.13,1.50
2011.08.11 19:16:55.330,0.81933,0.81998,1.13,1.50
2011.08.11 19:16:56.351,0.81935,0.81993,1.13,1.50
2011.08.11 19:16:56.640,0.8193,0.81994,1.13,1.50
2011.08.11 19:16:56.750,0.81881,0.8197,1.50,2.85
2011.08.11 19:16:56.859,0.81877,0.81963,1.50,1.13
2011.08.11 19:16:56.969,0.81891,0.8197,1.50,2.85
2011.08.11 19:16:57.300,0.81895,0.81971,1.13,1.35
2011.08.11 19:16:58.379,0.81896,0.81971,1.50,1.35
2011.08.11 19:16:58.493,0.81892,0.81988,1.50,1.50
2011.08.11 19:16:58.622,0.81889,0.81987,2.85,1.50
2011.08.11 19:16:59.950,0.81896,0.81997,1.50,1.50
2011.08.11 19:17:00.059,0.81896,0.81995,1.50,1.50
2011.08.11 19:17:00.769,0.81898,0.81995,1.50,1.50
2011.08.11 19:17:00.896,0.81901,0.81995,1.50,1.50
2011.08.11 19:17:02.952,0.81943,0.81999,1.35,1.50
2011.08.11 19:17:03.435,0.81948,0.82005,1.50,1.50
2011.08.11 19:17:03.550,0.81948,0.82005,1.50,1.50
2011.08.11 19:17:04.902,0.8195,0.82009,1.50,1.50
2011.08.11 19:17:06.221,0.81948,0.82007,1.50,1.50
2011.08.11 19:17:06.330,0.81948,0.82007,1.50,1.50
2011.08.11 19:17:07.021,0.81943,0.82002,2.10,1.50
2011.08.11 19:17:07.240,0.81943,0.82002,1.73,1.88
2011.08.11 19:17:08.393,0.8194,0.81998,1.35,1.50
2011.08.11 19:17:08.501,0.81944,0.82005,1.50,1.50
2011.08.11 19:17:08.741,0.81944,0.82005,1.50,1.50
2011.08.11 19:17:09.902,0.81944,0.82005,1.50,1.50
2011.08.11 19:17:10.012,0.81944,0.82002,1.13,1.50
2011.08.11 19:17:10.571,0.81944,0.82003,1.13,1.13
2011.08.11 19:17:10.991,0.81941,0.82003,1.50,1.73
2011.08.11 19:17:11.400,0.81946,0.82003,1.50,1.73
2011.08.11 19:17:12.316,0.81946,0.82003,1.50,1.73
2011.08.11 19:17:12.851,0.81946,0.82003,2.25,1.73
2011.08.11 19:17:13.684,0.81945,0.82003,1.35,1.13
2011.08.11 19:17:13.811,0.81946,0.82003,1.50,1.13
2011.08.11 19:17:13.922,0.81946,0.82004,1.50,1.13
2011.08.11 19:17:14.152,0.81946,0.82004,1.13,1.50
2011.08.11 19:17:14.725,0.8195,0.82004,1.13,1.50
2011.08.11 19:17:15.110,0.81968,0.82017,1.35,1.35
2011.08.11 19:17:17.222,0.81968,0.82017,1.35,1.35
2011.08.11 19:17:19.902,0.81968,0.82017,1.35,1.35
2011.08.11 19:17:21.107,0.81971,0.82023,2.48,1.13
2011.08.11 19:17:21.225,0.81972,0.82023,1.73,1.88
2011.08.11 19:17:21.452,0.81974,0.82025,1.35,1.35
2011.08.11 19:17:21.782,0.81976,0.82024,1.73,1.50
2011.08.11 19:17:22.204,0.81976,0.82023,1.73,1.13
2011.08.11 19:17:23.662,0.81971,0.82027,3.60,1.73
2011.08.11 19:17:23.783,0.81972,0.82099,1.50,1.50
2011.08.11 19:17:24.000,0.81972,0.82078,1.50,0.75
2011.08.11 19:17:24.110,0.81979,0.82081,1.50,0.75
2011.08.11 19:17:24.402,0.81983,0.82087,1.13,0.75
2011.08.11 19:17:25.929,0.81969,0.82077,1.50,0.75
2011.08.11 19:17:26.318,0.81975,0.82077,1.13,0.75
2011.08.11 19:17:26.432,0.81972,0.82078,1.13,0.75
2011.08.11 19:17:27.124,0.81975,0.82078,1.13,0.75
2011.08.11 19:17:27.239,0.81979,0.82077,1.50,0.75
2011.08.11 19:17:27.349,0.81975,0.82108,1.13,0.75
2011.08.11 19:17:27.611,0.81971,0.82149,1.13,1.50
2011.08.11 19:17:27.719,0.81971,0.82099,1.50,0.75
2011.08.11 19:17:28.155,0.81971,0.82099,1.50,0.75
2011.08.11 19:17:28.270,0.81976,0.82099,1.13,0.75
2011.08.11 19:17:28.730,0.81976,0.82101,1.13,0.75
2011.08.11 19:17:29.868,0.81976,0.82101,1.13,0.75
2011.08.11 19:17:29.978,0.81976,0.82099,1.13,0.75
2011.08.11 19:17:30.492,0.81976,0.82149,1.13,1.50
2011.08.11 19:17:30.740,0.81981,0.82158,1.50,1.50
2011.08.11 19:17:30.848,0.81984,0.82158,1.50,1.50
2011.08.11 19:17:30.960,0.81989,0.82158,1.13,1.50
2011.08.11 19:17:31.590,0.81982,0.82164,1.13,1.50
2011.08.11 19:17:32.594,0.81982,0.82164,1.13,1.50
2011.08.11 19:17:33.268,0.8199,0.82149,1.13,1.50
2011.08.11 19:17:34.011,0.81991,0.82154,1.13,1.50
2011.08.11 19:17:34.451,0.81992,0.82149,1.13,1.50
2011.08.11 19:17:35.948,0.81987,0.82143,1.50,1.50
2011.08.11 19:17:36.559,0.81966,0.82154,1.50,1.50
2011.08.11 19:17:39.290,0.81971,0.82154,1.50,1.50
2011.08.11 19:17:40.581,0.81966,0.82149,1.88,1.50
2011.08.11 19:17:40.700,0.81956,0.82133,1.50,0.75
2011.08.11 19:17:40.810,0.81917,0.82133,1.13,0.75
2011.08.11 19:17:40.918,0.81977,0.82116,0.75,0.75
2011.08.11 19:17:42.508,0.8198,0.82123,0.75,0.75
2011.08.11 19:17:42.618,0.81979,0.82121,0.75,0.75
2011.08.11 19:17:42.727,0.81976,0.82119,0.75,0.75
2011.08.11 19:17:42.838,0.81974,0.82117,0.75,0.75
2011.08.11 19:17:43.168,0.81976,0.8212,0.75,0.75
2011.08.11 19:17:44.360,0.81936,0.82124,1.50,1.50
2011.08.11 19:17:44.868,0.81942,0.82128,1.50,1.50
2011.08.11 19:17:45.640,0.81932,0.82117,1.50,1.50
2011.08.11 19:17:45.780,0.81932,0.82117,1.50,1.50
2011.08.11 19:17:45.889,0.81936,0.82117,1.50,1.50
2011.08.11 19:17:46.410,0.81936,0.82119,1.50,1.50
2011.08.11 19:17:46.989,0.81931,0.82114,1.50,1.50
2011.08.11 19:17:47.210,0.81931,0.82114,1.50,1.50
2011.08.11 19:17:47.539,0.81931,0.82114,1.50,1.50
2011.08.11 19:17:47.890,0.81926,0.82099,1.50,1.50
2011.08.11 19:17:48.633,0.81929,0.82104,1.13,1.50
2011.08.11 19:17:48.752,0.81931,0.82119,1.50,1.50
2011.08.11 19:17:49.268,0.81931,0.82119,1.50,1.50
2011.08.11 19:17:49.520,0.81931,0.82119,1.50,1.50
2011.08.11 19:17:49.852,0.81942,0.82123,1.13,1.50
2011.08.11 19:17:49.961,0.81942,0.82123,1.13,1.50
2011.08.11 19:17:50.538,0.81939,0.82123,1.13,1.50
2011.08.11 19:17:52.652,0.81936,0.82119,1.50,1.50
2011.08.11 19:17:53.210,0.81936,0.82119,1.50,1.50
2011.08.11 19:17:53.690,0.81931,0.82119,1.50,1.50
2011.08.11 19:17:54.891,0.81939,0.82115,1.13,1.50
2011.08.11 19:17:55.021,0.81939,0.82114,1.13,1.50
2011.08.11 19:17:55.678,0.81939,0.82113,1.13,1.50
2011.08.11 19:17:56.070,0.81941,0.82094,1.50,1.50
2011.08.11 19:17:56.912,0.81942,0.82091,1.50,1.50
2011.08.11 19:17:57.019,0.81942,0.82088,1.50,1.50
2011.08.11 19:17:57.912,0.81939,0.82088,1.13,1.50
2011.08.11 19:17:58.370,0.81942,0.82088,1.50,1.50
2011.08.11 19:17:58.631,0.81939,0.82088,1.13,1.50
2011.08.11 19:17:59.324,0.81939,0.82087,1.13,1.50
2011.08.11 19:17:59.443,0.81937,0.82079,1.50,1.50
2011.08.11 19:18:00.890,0.81931,0.82079,1.50,1.50
2011.08.11 19:18:00.999,0.81937,0.82079,1.50,1.50
2011.08.11 19:18:01.161,0.81932,0.82079,1.50,1.50
2011.08.11 19:18:01.622,0.81932,0.82081,1.50,1.50
2011.08.11 19:18:01.730,0.81939,0.82081,1.13,1.50
2011.08.11 19:18:01.893,0.81939,0.82081,1.13,1.50
2011.08.11 19:18:02.448,0.81939,0.82085,1.13,1.50
2011.08.11 19:18:03.051,0.81939,0.82088,1.13,1.50
2011.08.11 19:18:03.278,0.81931,0.82084,1.50,1.50
2011.08.11 19:18:03.718,0.81931,0.82079,1.50,1.50
2011.08.11 19:18:04.901,0.81929,0.82078,1.13,1.50
2011.08.11 19:18:06.461,0.81929,0.82077,1.13,1.50
2011.08.11 19:18:07.100,0.81931,0.82078,1.50,1.50
2011.08.11 19:18:07.870,0.81936,0.82078,1.50,1.50
2011.08.11 19:18:08.199,0.8198,0.82079,0.75,1.50
2011.08.11 19:18:08.310,0.81967,0.82121,1.35,1.50
2011.08.11 19:18:08.529,0.81967,0.82122,1.35,1.50
2011.08.11 19:18:09.761,0.81967,0.82125,1.35,1.50
2011.08.11 19:18:10.429,0.81981,0.82122,1.50,1.50
2011.08.11 19:18:10.702,0.81982,0.82122,1.50,1.50
2011.08.11 19:18:11.507,0.81982,0.82109,1.50,1.50
2011.08.11 19:18:11.720,0.81982,0.82108,1.50,1.50
2011.08.11 19:18:12.189,0.81982,0.82112,1.50,1.50
2011.08.11 19:18:12.633,0.81982,0.82112,1.50,1.50
2011.08.11 19:18:12.949,0.81982,0.82112,1.50,1.50
2011.08.11 19:18:13.502,0.81981,0.82103,1.50,1.50
2011.08.11 19:18:13.952,0.8198,0.82103,1.35,1.50
2011.08.11 19:18:14.883,0.8198,0.82094,1.35,1.50
2011.08.11 19:18:15.939,0.8198,0.82094,1.35,1.50
2011.08.11 19:18:16.320,0.8198,0.82096,1.35,1.50
2011.08.11 19:18:16.811,0.81981,0.82096,1.50,1.50
2011.08.11 19:18:17.900,0.8198,0.82094,2.10,1.50
2011.08.11 19:18:20.174,0.81981,0.82096,1.50,1.50
2011.08.11 19:18:20.949,0.81981,0.82096,1.50,1.50
2011.08.11 19:18:21.774,0.8198,0.82094,1.35,1.50
2011.08.11 19:18:21.892,0.8198,0.82094,1.35,1.50
2011.08.11 19:18:22.152,0.8198,0.82089,1.35,1.50
2011.08.11 19:18:22.925,0.8198,0.82089,1.35,1.50
2011.08.11 19:18:24.791,0.8198,0.8209,1.35,1.50
2011.08.11 19:18:25.122,0.8198,0.8209,1.35,1.50
2011.08.11 19:18:25.229,0.81999,0.82089,1.50,1.50
2011.08.11 19:18:26.659,0.82005,0.82094,1.50,1.50
2011.08.11 19:18:27.911,0.82005,0.82094,1.50,1.50
2011.08.11 19:18:28.244,0.82001,0.82074,1.50,1.50
2011.08.11 19:18:28.361,0.82009,0.82086,1.50,1.50
2011.08.11 19:18:28.581,0.82005,0.82074,1.50,1.50
2011.08.11 19:18:30.662,0.82007,0.82073,1.50,1.50
2011.08.11 19:18:30.970,0.82006,0.82072,2.25,1.50
2011.08.11 19:18:31.461,0.82012,0.82078,1.50,1.50
2011.08.11 19:18:31.655,0.82012,0.82078,1.50,1.50
2011.08.11 19:18:32.864,0.82012,0.82078,1.50,1.50
2011.08.11 19:18:33.661,0.82008,0.82076,1.50,1.50
2011.08.11 19:18:35.842,0.82012,0.8208,1.50,1.50
2011.08.11 19:18:36.821,0.8201,0.82076,1.50,1.50
2011.08.11 19:18:37.412,0.8201,0.82076,1.50,1.50
2011.08.11 19:18:38.014,0.82011,0.82079,2.25,1.88
2011.08.11 19:18:38.130,0.82011,0.82079,2.25,1.88
2011.08.11 19:18:38.673,0.82011,0.82079,1.50,1.88
2011.08.11 19:18:38.779,0.82011,0.82079,2.25,1.13
2011.08.11 19:18:39.111,0.82015,0.82079,3.00,1.13
2011.08.11 19:18:39.471,0.82015,0.82059,2.25,3.23
2011.08.11 19:18:39.801,0.82015,0.82053,2.25,1.35
2011.08.11 19:18:40.819,0.82015,0.82042,2.25,1.35
2011.08.11 19:18:41.001,0.82015,0.82042,2.25,1.35
2011.08.11 19:18:41.551,0.82015,0.82048,2.25,1.13
2011.08.11 19:18:42.706,0.82015,0.82045,2.25,1.50
2011.08.11 19:18:43.633,0.82015,0.82041,2.25,1.50
2011.08.11 19:18:43.859,0.81973,0.82044,1.50,1.50
2011.08.11 19:18:45.067,0.81977,0.82042,1.13,1.50
2011.08.11 19:18:45.403,0.81972,0.82044,1.50,1.50
2011.08.11 19:18:48.423,0.81977,0.82044,1.13,1.50
2011.08.11 19:18:50.081,0.81962,0.82034,1.50,1.50
2011.08.11 19:18:50.189,0.81966,0.82053,1.50,1.50
2011.08.11 19:18:51.152,0.81966,0.82053,1.50,1.50
2011.08.11 19:18:51.351,0.81966,0.82053,1.50,1.50
2011.08.11 19:18:51.671,0.81966,0.82053,1.50,1.50
2011.08.11 19:18:52.049,0.8197,0.8206,1.50,1.50
2011.08.11 19:18:52.160,0.8197,0.8206,1.50,1.50
2011.08.11 19:18:53.691,0.81972,0.82062,1.50,1.50
2011.08.11 19:18:54.399,0.81974,0.82064,1.50,1.50
2011.08.11 19:18:54.750,0.81935,0.82005,1.13,1.13
2011.08.11 19:18:54.861,0.81932,0.82002,1.13,1.13
2011.08.11 19:18:55.453,0.81924,0.82029,1.50,1.35
2011.08.11 19:18:55.559,0.8193,0.82029,1.50,1.35
2011.08.11 19:18:55.781,0.8193,0.82013,1.50,1.50
2011.08.11 19:18:57.587,0.81929,0.82003,1.50,1.50
2011.08.11 19:18:58.679,0.81932,0.82006,1.50,1.50
2011.08.11 19:18:58.790,0.81933,0.82009,1.35,1.50
2011.08.11 19:18:59.010,0.81938,0.82014,1.50,1.50
2011.08.11 19:18:59.610,0.81933,0.82014,2.10,1.50
2011.08.11 19:19:00.000,0.81933,0.82008,1.35,1.50
2011.08.11 19:19:01.031,0.81933,0.82009,1.35,1.50
2011.08.11 19:19:01.139,0.81933,0.82009,1.35,1.50
2011.08.11 19:19:04.602,0.81933,0.82009,1.35,1.50
2011.08.11 19:19:05.021,0.81933,0.82009,1.35,1.50
2011.08.11 19:19:05.481,0.81927,0.82006,1.35,1.50
2011.08.11 19:19:05.589,0.81888,0.82004,1.50,1.50
2011.08.11 19:19:05.700,0.81888,0.82008,1.50,1.50
2011.08.11 19:19:06.841,0.81888,0.82009,1.50,1.50
2011.08.11 19:19:08.007,0.81888,0.82004,1.50,1.50
2011.08.11 19:19:08.512,0.81888,0.82004,1.50,1.50
2011.08.11 19:19:09.590,0.81888,0.82004,1.50,1.50
2011.08.11 19:19:09.951,0.81888,0.82004,1.50,1.50
2011.08.11 19:19:13.312,0.81887,0.82004,2.63,1.50
2011.08.11 19:19:14.357,0.81887,0.82004,2.63,1.50
2011.08.11 19:19:14.858,0.81889,0.82004,1.50,1.50
2011.08.11 19:19:16.391,0.81891,0.82004,1.50,1.50
2011.08.11 19:19:16.879,0.81891,0.82003,1.50,1.50
2011.08.11 19:19:17.540,0.8189,0.82003,1.50,1.50
2011.08.11 19:19:18.410,0.81897,0.82014,2.63,1.50
2011.08.11 19:19:18.685,0.81897,0.82009,2.63,1.50
2011.08.11 19:19:18.813,0.81897,0.82009,2.63,1.50
2011.08.11 19:19:19.881,0.81897,0.82008,2.63,1.50
2011.08.11 19:19:20.976,0.81897,0.82013,2.63,1.50
2011.08.11 19:19:21.684,0.819,0.82013,1.50,1.50
2011.08.11 19:19:21.801,0.81903,0.82013,1.50,1.50
2011.08.11 19:19:22.221,0.81897,0.82018,3.38,1.50
2011.08.11 19:19:22.630,0.81897,0.82014,3.38,1.50
2011.08.11 19:19:22.851,0.81897,0.82013,3.38,1.50
2011.08.11 19:19:23.070,0.81891,0.82013,1.50,1.50
2011.08.11 19:19:24.480,0.81889,0.82008,1.50,1.50
2011.08.11 19:19:25.862,0.81889,0.82004,1.50,1.50
2011.08.11 19:19:26.592,0.81889,0.82003,1.50,1.50
2011.08.11 19:19:26.962,0.8189,0.81999,1.50,1.50
2011.08.11 19:19:41.270,0.81893,0.82003,1.50,1.50
2011.08.11 19:19:41.600,0.81895,0.82005,1.50,1.50
2011.08.11 19:19:42.464,0.81937,0.82013,1.50,3.38
2011.08.11 19:19:43.540,0.81931,0.82009,1.50,1.50
2011.08.11 19:19:43.892,0.81938,0.82008,1.50,1.50
2011.08.11 19:19:45.271,0.81946,0.82014,1.13,1.50
2011.08.11 19:19:45.379,0.81946,0.82013,1.13,1.50
2011.08.11 19:19:45.491,0.81952,0.82013,1.13,1.50
2011.08.11 19:19:45.602,0.81956,0.82015,1.13,1.13
2011.08.11 19:19:46.352,0.81956,0.82015,1.13,1.13
2011.08.11 19:19:46.733,0.81948,0.82009,1.13,1.13
2011.08.11 19:19:54.695,0.81939,0.82007,1.50,1.88
2011.08.11 19:19:54.811,0.81923,0.82004,3.00,1.50
2011.08.11 19:19:54.922,0.81923,0.82004,2.25,2.25
2011.08.11 19:19:55.032,0.81916,0.82004,1.50,2.25
2011.08.11 19:19:55.141,0.81912,0.81996,1.50,3.00
2011.08.11 19:19:55.472,0.81899,0.82005,1.88,3.00
2011.08.11 19:19:58.874,0.81899,0.82004,1.88,1.50
2011.08.11 19:19:59.432,0.8191,0.82014,1.50,3.38
2011.08.11 19:19:59.541,0.8191,0.82009,1.50,2.25
2011.08.11 19:19:59.872,0.81917,0.82013,1.50,3.00
2011.08.11 19:20:00.868,0.81951,0.82014,1.50,1.13
2011.08.11 19:20:01.274,0.81949,0.82011,1.13,1.13
2011.08.11 19:20:01.501,0.81948,0.82007,1.13,1.13
2011.08.11 19:20:01.612,0.81948,0.82007,1.13,1.13
2011.08.11 19:20:01.860,0.81948,0.82007,1.13,1.13
2011.08.11 19:20:02.386,0.81943,0.82007,1.50,1.13
2011.08.11 19:20:02.503,0.81943,0.8201,1.50,1.13
2011.08.11 19:20:02.831,0.81949,0.8201,1.50,1.13
2011.08.11 19:20:02.941,0.81949,0.8201,1.13,1.13
2011.08.11 19:20:03.953,0.81952,0.8201,1.13,1.13
2011.08.11 19:20:04.912,0.81952,0.8201,1.13,1.13
2011.08.11 19:20:05.871,0.81954,0.8201,1.50,1.13
2011.08.11 19:20:06.191,0.81954,0.8201,1.50,1.13
2011.08.11 19:20:06.414,0.81954,0.82013,1.50,3.00
2011.08.11 19:20:06.531,0.81957,0.82014,1.13,1.13
2011.08.11 19:20:06.641,0.81957,0.82024,1.13,3.38
2011.08.11 19:20:06.973,0.81962,0.82028,1.50,1.50
2011.08.11 19:20:07.082,0.81962,0.82028,2.63,1.13
2011.08.11 19:20:07.194,0.81962,0.82028,1.50,1.50
2011.08.11 19:20:07.898,0.81962,0.82028,1.13,1.50
2011.08.11 19:20:08.015,0.81962,0.82031,1.13,1.50
2011.08.11 19:20:08.332,0.81967,0.82023,1.13,1.13
2011.08.11 19:20:08.875,0.81971,0.82028,1.13,1.50
2011.08.11 19:20:09.211,0.81974,0.82034,1.50,1.13
2011.08.11 19:20:09.872,0.81978,0.82034,1.50,1.13
2011.08.11 19:20:09.980,0.81977,0.82033,1.88,1.50
2011.08.11 19:20:11.058,0.81977,0.82033,1.13,1.50
2011.08.11 19:20:11.692,0.81967,0.82028,1.13,1.50
2011.08.11 19:20:12.101,0.81962,0.82018,1.13,1.35
2011.08.11 19:20:12.893,0.81961,0.82014,1.13,1.13
2011.08.11 19:20:13.452,0.81957,0.82012,2.63,1.13
2011.08.11 19:20:14.143,0.81957,0.82009,2.25,1.13
2011.08.11 19:20:14.873,0.81957,0.82008,2.63,1.13
2011.08.11 19:20:17.181,0.81957,0.82013,2.63,1.50
2011.08.11 19:20:17.290,0.81957,0.82018,3.38,1.73
2011.08.11 19:20:17.620,0.81967,0.82018,1.88,1.35
2011.08.11 19:20:17.731,0.81967,0.82018,2.25,1.73
2011.08.11 19:20:18.011,0.81967,0.82018,2.25,1.13
2011.08.11 19:20:18.231,0.81967,0.82018,2.25,1.13
2011.08.11 19:20:18.392,0.81967,0.82019,2.25,1.13
2011.08.11 19:20:18.672,0.81967,0.82018,2.25,1.13
2011.08.11 19:20:18.780,0.81967,0.82013,1.88,1.13
2011.08.11 19:20:19.872,0.81962,0.82013,1.13,1.13
2011.08.11 19:20:19.975,0.81952,0.82014,1.13,2.10
2011.08.11 19:20:20.153,0.81952,0.82008,1.13,1.50
2011.08.11 19:20:20.924,0.81952,0.82009,1.13,1.50
2011.08.11 19:20:21.681,0.81952,0.82012,1.13,1.50
2011.08.11 19:20:21.921,0.81952,0.82008,1.13,1.50
2011.08.11 19:20:22.832,0.81952,0.82004,1.13,1.13
2011.08.11 19:20:24.263,0.81948,0.82003,1.13,1.50
2011.08.11 19:20:24.754,0.81948,0.82006,1.13,1.50
2011.08.11 19:20:24.935,0.81948,0.82004,1.13,1.50
2011.08.11 19:20:25.261,0.81948,0.82006,1.13,1.50
2011.08.11 19:20:25.524,0.81948,0.82004,1.13,1.50
2011.08.11 19:20:25.743,0.81963,0.82016,1.50,1.13
2011.08.11 19:20:26.201,0.81963,0.82016,1.50,1.13
2011.08.11 19:20:27.164,0.81963,0.82018,1.50,1.13
2011.08.11 19:20:27.351,0.81963,0.82018,1.50,1.13
2011.08.11 19:20:27.461,0.81963,0.82018,1.13,1.13
2011.08.11 19:20:27.790,0.81961,0.82015,1.88,1.50
2011.08.11 19:20:30.875,0.81959,0.8201,1.13,1.13
2011.08.11 19:20:31.590,0.81957,0.82015,1.50,1.13
2011.08.11 19:20:32.840,0.81961,0.82015,1.13,1.13
2011.08.11 19:20:34.702,0.81956,0.82015,2.25,1.13
2011.08.11 19:20:35.742,0.81961,0.82015,1.13,1.13
2011.08.11 19:20:37.556,0.81961,0.82015,1.13,1.13
2011.08.11 19:20:37.810,0.81961,0.82014,1.13,1.13
2011.08.11 19:20:39.003,0.81961,0.82014,1.50,1.35
2011.08.11 19:20:39.112,0.81961,0.82016,1.35,1.13
2011.08.11 19:20:39.221,0.81964,0.8202,1.35,1.73
2011.08.11 19:20:39.871,0.81964,0.8202,1.35,1.73
2011.08.11 19:20:41.462,0.81966,0.8202,1.50,1.73
2011.08.11 19:20:43.921,0.81966,0.82015,1.13,1.13
2011.08.11 19:20:44.193,0.81966,0.8202,1.50,1.73
2011.08.11 19:20:44.623,0.81964,0.8202,1.35,1.73
2011.08.11 19:20:45.604,0.81967,0.8202,1.50,1.73
2011.08.11 19:20:46.259,0.81967,0.82015,1.13,1.13
2011.08.11 19:20:46.851,0.81962,0.82015,2.10,1.13
2011.08.11 19:20:47.621,0.81967,0.82015,1.13,1.13
2011.08.11 19:20:47.731,0.81964,0.82013,1.35,1.13
2011.08.11 19:20:48.906,0.81961,0.8201,1.73,1.13
2011.08.11 19:20:52.411,0.81964,0.82013,1.35,1.13
2011.08.11 19:20:52.634,0.81962,0.8201,1.73,1.13
2011.08.11 19:20:55.883,0.81964,0.82013,1.35,1.13
2011.08.11 19:20:57.486,0.81964,0.82014,1.35,1.13
2011.08.11 19:20:58.144,0.81964,0.82013,1.35,1.13
2011.08.11 19:21:02.943,0.81961,0.82013,1.13,1.73
2011.08.11 19:21:03.052,0.81961,0.82009,1.13,1.35
2011.08.11 19:21:07.365,0.81961,0.82013,1.13,1.73
2011.08.11 19:21:07.924,0.81961,0.82009,1.13,1.35
2011.08.11 19:21:10.653,0.81965,0.82011,2.10,1.13
2011.08.11 19:21:11.198,0.81971,0.82018,1.35,1.50
2011.08.11 19:21:11.313,0.81971,0.82018,1.35,1.50
2011.08.11 19:21:11.432,0.81971,0.82018,1.35,1.50
2011.08.11 19:21:11.781,0.81971,0.8202,1.35,1.50
2011.08.11 19:21:12.423,0.81971,0.8202,2.10,1.50
2011.08.11 19:21:16.981,0.81971,0.8202,2.10,1.50
2011.08.11 19:21:18.619,0.81971,0.8202,1.35,1.50
2011.08.11 19:21:25.444,0.81971,0.8202,2.10,1.50
2011.08.11 19:21:25.676,0.81971,0.82019,2.10,1.50
2011.08.11 19:21:25.793,0.81971,0.82023,1.35,3.38
2011.08.11 19:21:26.020,0.81967,0.82018,1.73,1.13
2011.08.11 19:21:26.131,0.81967,0.82015,1.13,1.35
2011.08.11 19:21:26.553,0.81962,0.82013,1.50,2.63
2011.08.11 19:21:29.632,0.81961,0.82008,1.35,1.50
2011.08.11 19:21:35.493,0.81955,0.82006,2.48,1.13
2011.08.11 19:21:35.602,0.81951,0.82006,1.13,1.13
2011.08.11 19:21:35.711,0.81951,0.8201,1.50,1.73
2011.08.11 19:21:37.105,0.81935,0.81992,1.50,2.10
2011.08.11 19:21:38.770,0.81931,0.82011,1.50,1.35
2011.08.11 19:21:38.881,0.81927,0.82011,1.50,1.35
2011.08.11 19:21:39.422,0.81926,0.82011,3.00,1.35
2011.08.11 19:21:39.621,0.81926,0.82011,3.00,1.35
2011.08.11 19:21:40.241,0.81927,0.82004,3.00,1.88
2011.08.11 19:21:41.077,0.8192,0.82003,1.50,2.63
2011.08.11 19:21:41.728,0.81918,0.81995,1.13,1.13
2011.08.11 19:21:42.032,0.8193,0.81993,1.50,1.50
2011.08.11 19:21:42.591,0.81936,0.81991,2.25,1.50
2011.08.11 19:21:42.994,0.81936,0.81991,2.63,1.50
2011.08.11 19:21:43.848,0.81956,0.82008,2.25,1.13
2011.08.11 19:21:44.152,0.81956,0.82008,2.25,1.13
2011.08.11 19:21:44.535,0.81967,0.82009,1.88,1.50
2011.08.11 19:21:44.774,0.81967,0.82009,1.88,1.50
2011.08.11 19:21:44.891,0.81967,0.82009,1.88,1.50
2011.08.11 19:21:46.278,0.81967,0.82011,1.88,1.50
2011.08.11 19:21:47.852,0.81967,0.82009,1.88,1.50
2011.08.11 19:21:47.962,0.81957,0.82007,2.25,1.50
2011.08.11 19:21:48.333,0.81957,0.82007,2.25,1.50
2011.08.11 19:21:50.161,0.81957,0.82006,2.25,1.50
2011.08.11 19:21:50.737,0.81957,0.82006,2.63,1.50
2011.08.11 19:21:51.268,0.81967,0.82012,1.88,1.88
2011.08.11 19:22:01.871,0.81967,0.82009,1.88,1.50
2011.08.11 19:22:01.980,0.81955,0.82008,1.50,1.13
2011.08.11 19:22:02.820,0.81956,0.82007,2.25,1.50
2011.08.11 19:22:02.931,0.81947,0.82003,2.63,1.13
2011.08.11 19:22:03.452,0.81956,0.82003,1.88,1.13
2011.08.11 19:22:04.852,0.81956,0.82003,1.88,1.13
2011.08.11 19:22:09.913,0.81956,0.82007,2.25,1.50
2011.08.11 19:22:10.193,0.81956,0.82007,2.25,1.50
2011.08.11 19:22:10.475,0.81956,0.82007,2.25,1.50
2011.08.11 19:22:11.182,0.81956,0.82007,2.25,1.50
2011.08.11 19:22:11.292,0.81956,0.82003,1.88,1.50
2011.08.11 19:22:12.022,0.81956,0.82003,1.88,1.50
2011.08.11 19:22:12.982,0.81956,0.82004,1.88,3.75
2011.08.11 19:22:15.081,0.81956,0.82,1.88,1.50
2011.08.11 19:22:15.410,0.81956,0.82,1.88,1.50
2011.08.11 19:22:17.826,0.81956,0.82,1.88,1.50
2011.08.11 19:22:17.941,0.81956,0.82,2.63,1.50
2011.08.11 19:22:18.271,0.81957,0.82007,2.25,1.88
2011.08.11 19:22:18.393,0.81957,0.82007,2.25,1.88
2011.08.11 19:22:18.501,0.81957,0.82004,1.88,1.13
2011.08.11 19:22:18.633,0.81957,0.82007,2.25,1.50
2011.08.11 19:22:19.192,0.81957,0.82008,2.25,1.13
2011.08.11 19:22:19.694,0.81957,0.82006,2.25,1.50
2011.08.11 19:22:21.210,0.81957,0.82006,2.63,1.50
2011.08.11 19:22:21.540,0.81967,0.82004,1.88,1.50
2011.08.11 19:22:24.253,0.81967,0.82011,1.88,1.50
2011.08.11 19:22:25.193,0.81967,0.82011,1.88,1.50
2011.08.11 19:22:26.674,0.81967,0.82012,1.88,1.88
2011.08.11 19:22:26.931,0.81967,0.82011,1.88,1.50
2011.08.11 19:22:27.040,0.81957,0.82008,1.13,1.13
2011.08.11 19:22:28.874,0.81956,0.82006,2.25,1.50
2011.08.11 19:22:30.412,0.81956,0.82007,2.25,1.50
2011.08.11 19:22:30.520,0.81956,0.82003,1.88,1.13
2011.08.11 19:22:31.062,0.81957,0.82003,1.88,3.00
2011.08.11 19:22:31.812,0.81957,0.82003,1.88,3.00
2011.08.11 19:22:54.622,0.81956,0.81996,1.88,1.50
2011.08.11 19:22:56.336,0.81957,0.81996,1.88,1.50
2011.08.11 19:23:00.964,0.81957,0.81997,1.88,1.50
2011.08.11 19:23:07.321,0.81947,0.81994,1.88,1.50
2011.08.11 19:23:07.430,0.81947,0.81989,1.88,1.50
2011.08.11 19:23:08.283,0.81946,0.81989,2.25,1.50
2011.08.11 19:23:09.887,0.81946,0.81987,2.25,1.50
2011.08.11 19:23:10.004,0.81937,0.81986,2.63,1.50
2011.08.11 19:23:11.843,0.81937,0.81983,2.63,1.50
2011.08.11 19:23:12.503,0.81937,0.81983,2.63,1.50
2011.08.11 19:23:13.161,0.81937,0.81984,2.63,1.50
2011.08.11 19:23:13.271,0.81937,0.81984,2.25,1.50
2011.08.11 19:23:13.652,0.81936,0.81983,2.25,1.50
2011.08.11 19:23:13.963,0.81936,0.81984,2.25,3.38
2011.08.11 19:23:14.181,0.81936,0.81983,2.25,1.50
2011.08.11 19:23:15.205,0.81936,0.81983,2.25,1.50
2011.08.11 19:23:15.864,0.81936,0.81983,2.25,1.50
2011.08.11 19:23:16.541,0.81936,0.81983,2.25,1.50
2011.08.11 19:23:18.106,0.81936,0.81983,2.25,1.50
2011.08.11 19:23:25.024,0.81936,0.81982,2.25,1.50
2011.08.11 19:23:25.975,0.81936,0.81982,2.25,1.50
2011.08.11 19:23:26.091,0.81947,0.81982,1.88,1.50
2011.08.11 19:23:26.406,0.81947,0.81982,1.88,1.50
2011.08.11 19:23:26.910,0.81947,0.81982,1.88,1.50
2011.08.11 19:23:30.153,0.81936,0.81982,2.25,1.50
2011.08.11 19:23:30.894,0.81946,0.81982,1.88,1.50
2011.08.11 19:23:31.935,0.81946,0.81979,1.88,1.13
2011.08.11 19:23:32.052,0.81936,0.81978,1.88,1.13
2011.08.11 19:23:32.161,0.81936,0.81978,1.88,1.13
2011.08.11 19:23:32.272,0.81926,0.81973,1.88,1.50
2011.08.11 19:23:33.246,0.81926,0.81973,1.88,1.50
2011.08.11 19:23:34.563,0.81926,0.8197,1.88,1.50
2011.08.11 19:23:35.892,0.81926,0.8197,1.88,1.50
2011.08.11 19:23:36.432,0.81926,0.81969,1.88,1.50
2011.08.11 19:23:36.935,0.81926,0.81968,1.88,1.50
2011.08.11 19:23:37.242,0.81926,0.81973,2.25,1.50
2011.08.11 19:23:37.351,0.81926,0.81973,2.25,1.50
2011.08.11 19:23:37.462,0.81926,0.81975,1.88,1.13
2011.08.11 19:23:38.134,0.81926,0.81975,1.88,1.13
2011.08.11 19:23:40.282,0.81926,0.8197,1.88,1.50
2011.08.11 19:23:43.423,0.81926,0.81974,1.88,1.50
2011.08.11 19:23:43.751,0.81918,0.81968,1.50,1.50
2011.08.11 19:23:44.195,0.81927,0.81968,1.88,1.50
2011.08.11 19:23:44.778,0.81927,0.81965,1.88,1.50
2011.08.11 19:23:45.114,0.81927,0.81968,2.25,1.50
2011.08.11 19:23:46.494,0.81927,0.81971,2.25,1.50
2011.08.11 19:23:46.859,0.81927,0.81971,2.25,1.50
2011.08.11 19:23:49.284,0.81927,0.8197,2.25,1.50
2011.08.11 19:23:49.444,0.81927,0.8197,2.25,1.50
2011.08.11 19:23:50.039,0.81927,0.8197,2.25,1.50
2011.08.11 19:23:50.164,0.81927,0.81973,1.88,1.50
2011.08.11 19:23:50.382,0.81927,0.81973,2.25,1.50
2011.08.11 19:23:50.735,0.81927,0.81973,2.25,1.50
2011.08.11 19:23:52.504,0.81927,0.81973,2.25,1.50
2011.08.11 19:23:52.901,0.81927,0.81973,3.38,1.50
2011.08.11 19:23:53.383,0.81927,0.81978,3.38,1.50
2011.08.11 19:23:55.351,0.81932,0.81978,1.13,1.50
2011.08.11 19:23:55.902,0.81932,0.81978,1.13,1.50
2011.08.11 19:23:56.241,0.81927,0.81979,2.25,1.50
2011.08.11 19:23:56.972,0.81927,0.81973,2.25,1.50
2011.08.11 19:23:57.848,0.81927,0.8197,2.25,1.50
2011.08.11 19:23:59.001,0.81927,0.8197,2.25,1.50
2011.08.11 19:23:59.167,0.81927,0.81974,2.25,1.50
2011.08.11 19:23:59.283,0.81927,0.81974,2.63,1.50
2011.08.11 19:23:59.392,0.81927,0.8197,1.88,1.50
2011.08.11 19:23:59.611,0.81927,0.81968,1.88,1.50
2011.08.11 19:24:00.085,0.81927,0.81973,1.88,1.50
2011.08.11 19:24:00.204,0.81927,0.81973,2.25,1.50
2011.08.11 19:24:00.569,0.81927,0.81973,2.25,1.50
2011.08.11 19:24:01.510,0.81927,0.81968,1.88,1.50
2011.08.11 19:24:01.995,0.81927,0.81974,2.25,1.50
2011.08.11 19:24:02.723,0.81927,0.8197,2.25,1.50
2011.08.11 19:24:04.161,0.81927,0.81969,2.25,1.50
2011.08.11 19:24:04.273,0.81903,0.8195,1.13,1.13
2011.08.11 19:24:04.380,0.81903,0.8195,1.13,1.13
2011.08.11 19:24:04.492,0.81902,0.81968,1.13,1.50
2011.08.11 19:24:05.581,0.81902,0.81969,1.13,1.35
2011.08.11 19:24:05.838,0.81901,0.81969,1.13,1.35
2011.08.11 19:24:06.354,0.81901,0.81964,1.13,1.50
2011.08.11 19:24:07.561,0.81896,0.81968,2.63,1.50
2011.08.11 19:24:07.972,0.81896,0.81963,1.88,1.50
2011.08.11 19:24:08.082,0.81896,0.8197,1.88,1.50
2011.08.11 19:24:09.434,0.81896,0.81974,2.63,1.50
2011.08.11 19:24:10.172,0.81927,0.81974,1.88,1.50
2011.08.11 19:24:10.503,0.81936,0.81977,2.25,1.50
2011.08.11 19:24:11.051,0.81926,0.81973,2.63,1.50
2011.08.11 19:24:11.178,0.81926,0.81973,2.63,1.50
2011.08.11 19:24:11.292,0.81926,0.81979,2.63,1.50
2011.08.11 19:24:12.131,0.81926,0.81974,2.63,1.50
2011.08.11 19:24:12.243,0.81926,0.81973,1.88,1.13
2011.08.11 19:24:12.885,0.81918,0.81968,1.50,1.50
2011.08.11 19:24:13.114,0.81921,0.81971,1.13,1.50
2011.08.11 19:24:13.231,0.81921,0.81973,1.50,1.88
2011.08.11 19:24:13.560,0.81933,0.81995,2.10,1.35
2011.08.11 19:24:16.756,0.81926,0.81994,3.00,1.50
2011.08.11 19:24:18.605,0.81926,0.81984,2.25,1.50
2011.08.11 19:24:23.002,0.81926,0.81985,2.25,1.50
2011.08.11 19:24:23.216,0.81926,0.81989,3.00,1.50
2011.08.11 19:24:24.704,0.81926,0.82006,2.25,1.50
2011.08.11 19:24:25.858,0.81926,0.82006,2.25,1.50
2011.08.11 19:24:30.001,0.81926,0.82003,1.88,1.50
2011.08.11 19:24:30.542,0.81917,0.81998,2.63,1.50
2011.08.11 19:24:31.334,0.81917,0.81997,1.88,1.50
2011.08.11 19:24:31.441,0.81917,0.82,3.38,1.50
2011.08.11 19:24:31.803,0.81927,0.82,1.88,1.50
2011.08.11 19:24:32.841,0.81927,0.81997,1.88,1.50
2011.08.11 19:24:33.371,0.81917,0.81997,2.63,1.50
2011.08.11 19:24:33.481,0.81917,0.81997,1.88,1.50
2011.08.11 19:24:33.702,0.81917,0.81997,1.88,1.50
2011.08.11 19:24:34.609,0.81917,0.81997,1.88,1.50
2011.08.11 19:24:34.927,0.81917,0.81992,2.63,1.50
2011.08.11 19:24:35.149,0.81917,0.81994,2.63,1.50
2011.08.11 19:24:35.402,0.81921,0.81994,1.13,1.50
2011.08.11 19:24:35.542,0.81921,0.81997,1.13,1.50
2011.08.11 19:24:35.650,0.81927,0.81997,1.88,1.50
2011.08.11 19:24:36.270,0.81927,0.81997,1.88,1.50
2011.08.11 19:24:37.350,0.81927,0.82007,1.88,1.50
2011.08.11 19:24:38.013,0.81927,0.82,1.88,1.50
2011.08.11 19:24:40.291,0.81927,0.81999,1.88,1.50
2011.08.11 19:24:40.512,0.81927,0.82003,1.88,1.50
2011.08.11 19:24:42.378,0.81927,0.82003,1.88,1.50
2011.08.11 19:24:43.144,0.81927,0.82003,1.88,1.50
2011.08.11 19:24:43.535,0.81927,0.82005,2.25,1.50
2011.08.11 19:24:44.414,0.81927,0.82005,2.25,1.50
2011.08.11 19:24:46.614,0.81927,0.82005,2.25,1.50
2011.08.11 19:24:46.818,0.81927,0.82005,1.88,1.50
2011.08.11 19:24:47.423,0.81927,0.81999,1.88,1.50
2011.08.11 19:24:47.533,0.81917,0.81999,2.63,1.50
2011.08.11 19:24:48.852,0.81917,0.82003,2.63,1.50
2011.08.11 19:24:49.377,0.81917,0.82003,2.63,1.50
2011.08.11 19:24:49.494,0.81917,0.81999,2.63,1.50
2011.08.11 19:24:49.872,0.81917,0.81995,2.63,1.50
2011.08.11 19:24:50.406,0.81917,0.81995,2.63,1.50
2011.08.11 19:24:50.873,0.81921,0.81995,1.13,1.50
2011.08.11 19:24:51.091,0.81917,0.81995,2.25,1.50
2011.08.11 19:24:51.201,0.81914,0.82011,1.50,3.75
2011.08.11 19:24:51.421,0.81917,0.82011,2.63,1.50
2011.08.11 19:24:52.063,0.81918,0.8201,1.50,1.50
2011.08.11 19:24:52.170,0.81921,0.8201,1.13,1.50
2011.08.11 19:24:52.281,0.81927,0.8201,1.88,1.50
2011.08.11 19:24:53.128,0.81927,0.8201,1.88,1.50
2011.08.11 19:24:54.456,0.81927,0.82013,2.63,1.50
2011.08.11 19:24:55.141,0.81921,0.82013,1.13,1.50
2011.08.11 19:24:55.251,0.81917,0.82009,4.88,1.50
2011.08.11 19:24:55.360,0.81917,0.82005,4.88,1.50
2011.08.11 19:24:56.240,0.81917,0.82013,2.63,1.50
2011.08.11 19:24:56.870,0.81916,0.82013,1.13,1.50
2011.08.11 19:24:58.188,0.81916,0.82013,1.13,1.50
2011.08.11 19:24:58.736,0.81916,0.82011,1.13,1.50
2011.08.11 19:24:58.856,0.81916,0.82014,1.13,1.50
2011.08.11 19:24:59.495,0.81912,0.82014,1.13,1.50
2011.08.11 19:25:00.104,0.81912,0.82008,1.13,1.50
2011.08.11 19:25:00.455,0.81912,0.82008,1.13,1.50
2011.08.11 19:25:00.791,0.81916,0.82005,1.13,1.50
2011.08.11 19:25:01.118,0.81917,0.82013,1.13,1.50
2011.08.11 19:25:01.933,0.81913,0.82008,1.13,1.50
2011.08.11 19:25:02.876,0.81913,0.82014,1.13,1.50
2011.08.11 19:25:04.859,0.81913,0.82008,1.13,1.50
2011.08.11 19:25:05.191,0.81927,0.82005,1.13,1.50
2011.08.11 19:25:05.765,0.81945,0.82006,1.50,1.50
2011.08.11 19:25:06.115,0.81946,0.8201,1.50,1.50
2011.08.11 19:25:06.982,0.81946,0.8201,1.50,1.50
2011.08.11 19:25:07.813,0.81946,0.8201,1.50,1.50
2011.08.11 19:25:08.642,0.81946,0.82019,1.50,1.13
2011.08.11 19:25:08.862,0.81945,0.82036,1.50,3.00
2011.08.11 19:25:10.679,0.81947,0.82043,2.63,1.50
2011.08.11 19:25:10.795,0.82012,0.82102,1.35,1.50
2011.08.11 19:25:11.021,0.81952,0.82093,0.75,0.75
2011.08.11 19:25:11.240,0.81947,0.82134,1.50,1.50
2011.08.11 19:25:11.421,0.81947,0.82134,1.50,1.50
2011.08.11 19:25:12.147,0.81947,0.82099,1.50,0.75
2011.08.11 19:25:14.662,0.81947,0.82103,1.50,0.75
2011.08.11 19:25:15.652,0.81947,0.82098,1.50,0.75
2011.08.11 19:25:17.411,0.81947,0.82104,1.50,0.75
2011.08.11 19:25:17.739,0.82036,0.82158,0.75,1.50
2011.08.11 19:25:17.849,0.81957,0.82175,1.50,1.50
2011.08.11 19:25:17.958,0.81957,0.82175,1.50,1.50
2011.08.11 19:25:18.068,0.81952,0.82153,1.13,0.75
2011.08.11 19:25:19.450,0.81952,0.82153,1.13,0.75
2011.08.11 19:25:19.895,0.81952,0.82197,1.13,1.13
2011.08.11 19:25:20.229,0.81938,0.82149,1.13,0.75
2011.08.11 19:25:20.962,0.81938,0.82196,1.13,1.13
2011.08.11 19:25:21.626,0.81938,0.82196,1.13,1.13
2011.08.11 19:25:21.960,0.82095,0.82189,0.75,1.50
2011.08.11 19:25:22.179,0.81946,0.82076,1.50,0.75
2011.08.11 19:25:22.291,0.81938,0.82076,1.13,0.75
2011.08.11 19:25:22.509,0.81946,0.82033,0.75,0.75
2011.08.11 19:25:22.731,0.81879,0.82036,1.50,1.35
2011.08.11 19:25:22.944,0.81917,0.82029,0.75,1.35
2011.08.11 19:25:23.270,0.81916,0.82029,1.50,1.35
2011.08.11 19:25:23.631,0.81916,0.82029,1.50,1.35
2011.08.11 19:25:23.851,0.81916,0.82029,1.50,1.35
2011.08.11 19:25:24.069,0.819,0.8202,1.50,1.50
2011.08.11 19:25:24.739,0.8189,0.82019,1.50,1.50
2011.08.11 19:25:25.186,0.81889,0.81994,3.00,3.00
2011.08.11 19:25:25.416,0.81889,0.81994,3.00,3.00
2011.08.11 19:25:25.533,0.81907,0.81987,1.13,1.13
2011.08.11 19:25:25.751,0.81893,0.81998,3.00,3.60
2011.08.11 19:25:25.969,0.8188,0.82124,1.13,1.13
2011.08.11 19:25:26.188,0.81876,0.82079,1.13,0.75
2011.08.11 19:25:26.520,0.8188,0.82124,1.13,1.13
2011.08.11 19:25:26.981,0.81942,0.82074,0.75,0.75
2011.08.11 19:25:28.851,0.81943,0.82074,0.75,0.75
2011.08.11 19:25:29.881,0.81943,0.82063,0.75,0.75
2011.08.11 19:25:30.940,0.81976,0.82092,0.75,1.50
2011.08.11 19:25:31.157,0.81976,0.82092,0.75,1.50
2011.08.11 19:25:31.380,0.81959,0.82068,0.75,0.75
2011.08.11 19:25:31.911,0.81959,0.82069,0.75,0.75
2011.08.11 19:25:32.453,0.82047,0.82124,0.75,1.13
2011.08.11 19:25:33.131,0.82043,0.82124,1.35,1.13
2011.08.11 19:25:34.562,0.82036,0.82104,1.35,1.35
2011.08.11 19:25:34.674,0.82033,0.82104,2.10,1.35
2011.08.11 19:25:35.977,0.82033,0.82104,2.10,1.35
2011.08.11 19:25:36.872,0.82033,0.82104,2.10,1.35
2011.08.11 19:25:36.978,0.82023,0.82119,0.75,1.50
2011.08.11 19:25:37.088,0.81907,0.82093,0.75,0.75
2011.08.11 19:25:38.518,0.81902,0.82095,1.50,1.50
2011.08.11 19:25:38.903,0.81912,0.82078,0.75,0.75
2011.08.11 19:25:39.239,0.81917,0.82083,0.75,0.75
2011.08.11 19:25:39.521,0.8188,0.82144,1.13,1.13
2011.08.11 19:25:39.630,0.8188,0.82144,1.13,1.13
2011.08.11 19:25:40.442,0.82001,0.82144,0.75,1.13
2011.08.11 19:25:41.170,0.82002,0.82144,0.75,1.13
2011.08.11 19:25:41.501,0.81962,0.82144,1.50,1.13
2011.08.11 19:25:41.830,0.81966,0.82116,1.50,1.50
2011.08.11 19:25:42.482,0.81982,0.82114,1.50,1.50
2011.08.11 19:25:43.114,0.81976,0.82114,1.50,1.50
2011.08.11 19:25:43.261,0.81976,0.82108,1.50,1.50
2011.08.11 19:25:43.824,0.81977,0.82108,1.50,1.50
2011.08.11 19:25:44.912,0.81981,0.82064,1.50,0.75
2011.08.11 19:25:45.696,0.81994,0.82108,1.50,1.50
2011.08.11 19:25:46.680,0.81965,0.82109,1.35,1.50
2011.08.11 19:25:47.399,0.81965,0.82109,1.35,1.50
2011.08.11 19:25:47.621,0.81965,0.82119,1.35,1.35
2011.08.11 19:25:48.273,0.81986,0.82107,1.13,1.13
2011.08.11 19:25:48.972,0.81987,0.82107,1.13,1.13
2011.08.11 19:25:50.321,0.81992,0.82137,1.50,1.13
2011.08.11 19:25:51.185,0.81989,0.82137,1.13,1.13
2011.08.11 19:25:51.851,0.81989,0.82137,1.13,1.13
2011.08.11 19:25:52.181,0.81991,0.82109,1.50,1.50
2011.08.11 19:25:53.514,0.81998,0.82098,1.13,1.50
2011.08.11 19:25:54.167,0.81998,0.82098,1.13,1.50
2011.08.11 19:25:55.041,0.81998,0.82098,1.13,1.50
2011.08.11 19:25:55.289,0.82001,0.82107,1.50,1.50
2011.08.11 19:25:55.942,0.82002,0.82118,1.13,1.50
2011.08.11 19:25:56.132,0.82002,0.82108,1.13,1.50
2011.08.11 19:25:57.270,0.82002,0.82108,1.13,1.50
2011.08.11 19:25:59.003,0.82002,0.82099,1.13,1.88
2011.08.11 19:25:59.701,0.81997,0.82096,1.13,1.13
2011.08.11 19:25:59.812,0.81997,0.82094,1.13,1.50
2011.08.11 19:26:00.040,0.81997,0.82091,1.50,1.13
2011.08.11 19:26:00.782,0.81997,0.82091,1.50,1.88
2011.08.11 19:26:01.872,0.81996,0.82082,1.50,1.13
2011.08.11 19:26:01.981,0.81996,0.82082,1.50,1.13
