2011.01.18 10:00:00.453,0.761,0.76208,6.23,6.23
2011.01.18 10:00:00.839,0.76107,0.76198,1.20,1.20
2011.01.18 10:00:01.425,0.76094,0.76214,6.23,6.23
2011.01.18 10:00:01.534,0.76094,0.76214,6.23,6.23
2011.01.18 10:00:02.004,0.76107,0.7621,1.20,6.08
2011.01.18 10:00:02.478,0.76102,0.7621,6.23,6.23
2011.01.18 10:00:03.356,0.76102,0.7621,6.23,6.23
2011.01.18 10:00:04.706,0.76112,0.76213,1.20,1.20
2011.01.18 10:00:05.370,0.76112,0.76218,1.20,1.20
2011.01.18 10:00:05.856,0.76116,0.76228,6.23,6.23
2011.01.18 10:00:06.985,0.76116,0.76228,6.23,6.23
2011.01.18 10:00:07.344,0.76114,0.76224,6.23,6.23
2011.01.18 10:00:07.457,0.76115,0.76229,6.23,6.23
2011.01.18 10:00:07.868,0.76115,0.76229,6.23,6.23
2011.01.18 10:00:08.494,0.76123,0.76231,6.04,6.23
2011.01.18 10:00:08.984,0.76123,0.76231,6.23,6.23
2011.01.18 10:00:09.635,0.76122,0.76232,6.23,6.23
2011.01.18 10:00:10.354,0.76123,0.76231,6.23,6.23
2011.01.18 10:00:11.414,0.76132,0.76223,1.20,1.20
2011.01.18 10:00:12.688,0.76126,0.76235,6.23,6.23
2011.01.18 10:00:13.034,0.76126,0.76235,6.23,6.04
2011.01.18 10:00:13.456,0.76137,0.7624,6.23,6.23
2011.01.18 10:00:13.673,0.76129,0.76232,6.04,6.23
2011.01.18 10:00:14.055,0.76133,0.76229,1.20,6.45
2011.01.18 10:00:14.663,0.76132,0.76233,1.20,1.20
2011.01.18 10:00:15.140,0.76145,0.76248,6.04,6.23
2011.01.18 10:00:15.464,0.76134,0.76251,6.23,6.23
2011.01.18 10:00:16.285,0.76148,0.76237,1.20,1.20
2011.01.18 10:00:16.503,0.76141,0.76252,6.23,6.23
2011.01.18 10:00:17.045,0.76157,0.76253,1.20,1.20
2011.01.18 10:00:17.154,0.76152,0.76252,6.45,1.20
2011.01.18 10:00:17.263,0.76152,0.76261,6.23,6.23
2011.01.18 10:00:18.494,0.76147,0.76248,1.20,1.20
2011.01.18 10:00:19.394,0.76155,0.76253,6.45,1.20
2011.01.18 10:00:20.025,0.76159,0.76262,6.23,6.23
2011.01.18 10:00:20.432,0.76151,0.76254,6.23,6.23
2011.01.18 10:00:21.644,0.76154,0.76259,6.23,6.23
2011.01.18 10:00:22.325,0.76143,0.76255,6.23,6.23
2011.01.18 10:00:24.646,0.76117,0.76236,1.54,1.17
2011.01.18 10:00:25.207,0.76123,0.7624,1.54,1.54
2011.01.18 10:00:25.496,0.76123,0.7624,1.54,1.54
2011.01.18 10:00:25.604,0.76132,0.76238,1.20,1.20
2011.01.18 10:00:26.295,0.76138,0.76237,1.05,1.20
2011.01.18 10:00:26.820,0.76141,0.76238,1.17,1.54
2011.01.18 10:00:28.008,0.76136,0.76251,1.84,1.92
2011.01.18 10:00:28.794,0.76138,0.76233,1.09,1.35
2011.01.18 10:00:29.916,0.76143,0.76233,1.09,1.35
2011.01.18 10:00:31.693,0.76148,0.76233,1.05,1.77
2011.01.18 10:00:32.683,0.76152,0.76233,1.05,1.77
2011.01.18 10:00:33.121,0.76153,0.76233,1.05,1.39
2011.01.18 10:00:33.235,0.76142,0.76233,1.09,1.35
2011.01.18 10:00:35.195,0.76143,0.7624,6.53,6.34
2011.01.18 10:00:35.305,0.76156,0.76244,6.15,1.35
2011.01.18 10:00:35.414,0.76156,0.7625,6.34,6.34
2011.01.18 10:00:36.015,0.76158,0.76244,1.05,1.39
2011.01.18 10:00:36.537,0.76153,0.76241,6.34,1.17
2011.01.18 10:00:37.753,0.76152,0.76244,6.72,1.17
2011.01.18 10:00:38.305,0.76163,0.76248,1.05,1.77
2011.01.18 10:00:39.137,0.76168,0.76249,2.85,1.17
2011.01.18 10:00:39.684,0.76168,0.76249,6.15,1.35
2011.01.18 10:00:40.360,0.76168,0.76249,6.83,1.39
2011.01.18 10:00:40.765,0.76168,0.76248,6.34,1.35
2011.01.18 10:00:42.727,0.76169,0.76248,1.17,1.35
2011.01.18 10:00:43.177,0.76159,0.76248,6.53,1.17
2011.01.18 10:00:43.503,0.76159,0.76253,6.42,1.54
2011.01.18 10:00:43.997,0.76162,0.76249,1.05,1.77
2011.01.18 10:00:45.554,0.76163,0.76253,6.45,1.77
2011.01.18 10:00:46.075,0.76163,0.76248,1.05,1.77
2011.01.18 10:00:46.687,0.76169,0.76248,1.17,1.35
2011.01.18 10:00:47.137,0.76167,0.76253,1.05,1.20
2011.01.18 10:00:47.781,0.76163,0.76248,6.53,1.35
2011.01.18 10:00:48.116,0.76164,0.76248,1.39,1.05
2011.01.18 10:00:48.225,0.76162,0.76245,1.05,1.39
2011.01.18 10:00:49.566,0.76176,0.76245,2.40,2.55
2011.01.18 10:00:49.895,0.76176,0.76245,2.33,5.85
2011.01.18 10:00:50.954,0.76167,0.76239,2.48,2.33
2011.01.18 10:00:51.176,0.76176,0.76245,2.33,5.85
2011.01.18 10:00:52.117,0.76173,0.76241,2.48,2.40
2011.01.18 10:00:53.116,0.76173,0.76241,2.40,2.33
2011.01.18 10:00:54.155,0.76161,0.7621,2.63,2.63
2011.01.18 10:00:54.484,0.76172,0.76219,2.63,2.63
2011.01.18 10:00:54.885,0.76161,0.7621,2.78,2.63
2011.01.18 10:00:54.997,0.76161,0.7621,2.70,2.63
2011.01.18 10:00:55.215,0.76157,0.76206,2.78,2.25
2011.01.18 10:00:55.916,0.76162,0.76209,6.15,2.63
2011.01.18 10:00:56.665,0.76162,0.76209,2.70,2.78
2011.01.18 10:00:57.701,0.76162,0.76209,2.78,2.78
2011.01.18 10:00:58.547,0.76162,0.76209,6.15,2.78
2011.01.18 10:00:58.985,0.76156,0.76205,6.23,2.63
2011.01.18 10:00:59.337,0.76156,0.76205,6.34,2.25
2011.01.18 10:00:59.447,0.76164,0.76213,2.63,2.63
2011.01.18 10:00:59.775,0.76164,0.76213,2.78,2.40
2011.01.18 10:01:01.473,0.76168,0.76217,2.25,2.78
2011.01.18 10:01:01.694,0.7616,0.76209,2.78,2.63
2011.01.18 10:01:01.807,0.7616,0.76209,6.30,2.25
2011.01.18 10:01:02.071,0.76165,0.76212,2.78,2.63
2011.01.18 10:01:02.187,0.76164,0.76213,6.15,1.95
2011.01.18 10:01:02.787,0.76161,0.76208,6.34,1.88
2011.01.18 10:01:04.316,0.76162,0.76215,6.15,2.78
2011.01.18 10:01:05.724,0.76162,0.76215,6.34,6.15
2011.01.18 10:01:08.626,0.76162,0.76215,6.34,2.70
2011.01.18 10:01:08.741,0.76162,0.76215,2.93,2.78
2011.01.18 10:01:08.857,0.76165,0.76214,6.30,2.63
2011.01.18 10:01:09.220,0.76165,0.76214,6.30,2.25
2011.01.18 10:01:09.821,0.76171,0.76218,2.70,2.70
2011.01.18 10:01:10.603,0.76171,0.76218,6.30,2.78
2011.01.18 10:01:11.243,0.76171,0.76218,6.15,2.33
2011.01.18 10:01:12.074,0.76171,0.76226,2.70,2.78
2011.01.18 10:01:12.183,0.76171,0.76226,6.15,6.15
2011.01.18 10:01:12.794,0.76167,0.7622,2.93,2.78
2011.01.18 10:01:13.722,0.76161,0.76216,6.34,6.15
2011.01.18 10:01:15.120,0.76157,0.7621,6.53,2.70
2011.01.18 10:01:15.235,0.76157,0.7621,6.34,2.70
2011.01.18 10:01:16.205,0.76157,0.7621,7.28,2.33
2011.01.18 10:01:16.313,0.76157,0.7621,7.28,2.25
2011.01.18 10:01:16.423,0.76166,0.76221,2.70,6.15
2011.01.18 10:01:17.347,0.76161,0.76216,6.34,2.63
2011.01.18 10:01:17.453,0.76161,0.76216,6.23,2.63
2011.01.18 10:01:17.985,0.76169,0.76216,2.70,2.70
2011.01.18 10:01:18.735,0.76169,0.76216,2.70,2.33
2011.01.18 10:01:18.934,0.76165,0.76214,6.15,2.63
2011.01.18 10:01:19.335,0.76165,0.76214,6.15,2.63
2011.01.18 10:01:20.080,0.76165,0.76214,2.78,2.63
2011.01.18 10:01:20.738,0.76165,0.76214,6.15,2.63
2011.01.18 10:01:21.729,0.76165,0.76214,2.78,2.70
2011.01.18 10:01:22.692,0.76161,0.7621,6.23,2.25
2011.01.18 10:01:22.915,0.76161,0.7621,6.15,2.63
2011.01.18 10:01:23.447,0.76161,0.7621,6.34,2.63
2011.01.18 10:01:23.554,0.76161,0.7621,6.34,2.25
2011.01.18 10:01:23.664,0.76166,0.76213,6.15,2.70
2011.01.18 10:01:24.750,0.76166,0.76213,6.30,2.78
2011.01.18 10:01:24.873,0.76166,0.76221,6.30,2.78
2011.01.18 10:01:25.598,0.76165,0.76214,6.34,2.63
2011.01.18 10:01:25.933,0.76165,0.76214,6.15,2.70
2011.01.18 10:01:27.840,0.76165,0.76214,6.15,6.15
2011.01.18 10:01:29.646,0.76165,0.76214,2.63,2.70
2011.01.18 10:01:30.006,0.76165,0.76214,2.78,2.78
2011.01.18 10:01:30.568,0.76158,0.76213,6.68,2.63
2011.01.18 10:01:30.675,0.76163,0.76218,2.78,2.78
2011.01.18 10:01:30.783,0.76163,0.76218,2.78,2.78
2011.01.18 10:01:31.275,0.76164,0.76217,2.70,2.70
2011.01.18 10:01:31.604,0.76158,0.76205,2.85,2.63
2011.01.18 10:01:32.473,0.76158,0.76205,6.15,2.63
2011.01.18 10:01:32.921,0.76158,0.76205,6.15,2.63
2011.01.18 10:01:33.366,0.76154,0.76201,6.15,2.25
2011.01.18 10:01:33.474,0.76151,0.76197,6.15,2.63
2011.01.18 10:01:34.008,0.76151,0.76197,2.78,2.63
2011.01.18 10:01:34.557,0.76146,0.76194,6.30,2.63
2011.01.18 10:01:34.749,0.76151,0.76197,2.78,2.63
2011.01.18 10:01:34.858,0.7615,0.76205,6.15,2.70
2011.01.18 10:01:36.703,0.7615,0.76205,6.34,2.70
2011.01.18 10:01:37.416,0.7615,0.76198,6.15,2.33
2011.01.18 10:01:38.692,0.7615,0.76205,6.34,6.15
2011.01.18 10:01:40.363,0.76152,0.76205,1.09,2.25
2011.01.18 10:01:40.466,0.7617,0.76217,2.63,2.78
2011.01.18 10:01:40.949,0.7617,0.76217,2.63,2.63
2011.01.18 10:01:41.066,0.76159,0.76212,6.15,2.70
2011.01.18 10:01:44.179,0.76159,0.76212,2.93,2.78
2011.01.18 10:01:44.678,0.76157,0.76206,2.93,2.63
2011.01.18 10:01:44.994,0.76157,0.76206,2.78,2.63
2011.01.18 10:01:47.416,0.76151,0.76197,6.15,2.33
2011.01.18 10:01:47.785,0.76151,0.76197,6.15,2.25
2011.01.18 10:01:47.894,0.7615,0.76205,6.15,2.70
2011.01.18 10:01:48.336,0.7615,0.76205,6.15,6.15
2011.01.18 10:01:49.214,0.7615,0.76205,6.34,6.15
2011.01.18 10:01:50.457,0.7615,0.76205,2.70,2.70
2011.01.18 10:01:52.631,0.76146,0.76194,6.30,2.78
2011.01.18 10:01:52.748,0.76154,0.76201,2.78,2.25
2011.01.18 10:01:55.831,0.76154,0.76201,2.70,2.33
2011.01.18 10:01:56.227,0.76154,0.76201,6.30,2.25
2011.01.18 10:01:56.745,0.76154,0.76201,2.70,2.25
2011.01.18 10:01:57.496,0.76154,0.76201,2.78,2.25
2011.01.18 10:01:57.835,0.76161,0.7621,2.63,2.78
2011.01.18 10:01:57.936,0.76166,0.76213,2.78,2.78
2011.01.18 10:01:58.698,0.76166,0.76213,2.63,2.78
2011.01.18 10:01:59.293,0.76166,0.76213,2.63,2.78
2011.01.18 10:01:59.407,0.76162,0.76209,2.70,2.70
2011.01.18 10:02:00.023,0.76162,0.76209,2.78,2.63
2011.01.18 10:02:00.592,0.76162,0.76209,2.40,2.63
2011.01.18 10:02:00.704,0.76162,0.76209,2.40,2.78
2011.01.18 10:02:01.299,0.76154,0.76201,6.30,2.25
2011.01.18 10:02:02.199,0.76154,0.76201,6.30,2.25
2011.01.18 10:02:02.560,0.76157,0.76206,6.34,2.63
2011.01.18 10:02:03.759,0.76128,0.76176,2.78,2.63
2011.01.18 10:02:03.976,0.76128,0.76176,2.25,2.25
2011.01.18 10:02:04.357,0.76121,0.76174,6.30,2.25
2011.01.18 10:02:04.465,0.76129,0.76175,2.25,2.25
2011.01.18 10:02:04.575,0.76105,0.76171,6.34,2.25
2011.01.18 10:02:04.957,0.76123,0.76176,2.25,2.40
2011.01.18 10:02:05.064,0.76114,0.76175,2.40,2.40
2011.01.18 10:02:05.285,0.76124,0.76175,2.33,2.33
2011.01.18 10:02:05.656,0.76111,0.76171,2.55,2.25
2011.01.18 10:02:05.764,0.76111,0.76171,2.70,2.33
2011.01.18 10:02:06.246,0.7612,0.76171,2.25,2.33
2011.01.18 10:02:06.575,0.76111,0.76171,2.40,2.33
2011.01.18 10:02:07.145,0.76102,0.7617,2.40,2.33
2011.01.18 10:02:07.255,0.76102,0.7617,6.34,2.33
2011.01.18 10:02:09.796,0.76102,0.7617,2.48,2.40
2011.01.18 10:02:10.015,0.76102,0.7617,6.34,2.33
2011.01.18 10:02:10.386,0.76112,0.7617,2.40,2.55
2011.01.18 10:02:10.778,0.76112,0.7617,2.25,6.08
2011.01.18 10:02:10.887,0.7611,0.76162,2.25,2.25
2011.01.18 10:02:11.104,0.76092,0.7616,2.48,2.25
2011.01.18 10:02:11.496,0.76092,0.7616,6.34,2.33
2011.01.18 10:02:12.815,0.76093,0.76159,6.68,2.55
2011.01.18 10:02:13.495,0.76102,0.7616,2.40,2.40
2011.01.18 10:02:13.607,0.76105,0.76165,2.25,2.55
2011.01.18 10:02:14.540,0.76096,0.76164,6.30,2.55
2011.01.18 10:02:14.655,0.76106,0.76164,2.25,2.55
2011.01.18 10:02:15.235,0.76096,0.76164,6.30,2.55
2011.01.18 10:02:15.344,0.76106,0.76164,2.25,2.55
2011.01.18 10:02:15.564,0.76096,0.76164,2.55,2.55
2011.01.18 10:02:15.867,0.76105,0.76165,2.25,2.55
2011.01.18 10:02:16.354,0.76097,0.76163,2.55,2.55
2011.01.18 10:02:16.787,0.76105,0.76165,2.25,2.55
2011.01.18 10:02:17.004,0.76096,0.76164,6.30,2.55
2011.01.18 10:02:17.115,0.76105,0.76165,2.25,2.55
2011.01.18 10:02:17.517,0.76096,0.76164,2.55,2.55
2011.01.18 10:02:18.091,0.76106,0.76164,2.25,2.55
2011.01.18 10:02:18.216,0.76097,0.76163,6.30,2.55
2011.01.18 10:02:18.324,0.76105,0.76165,2.25,2.55
2011.01.18 10:02:18.906,0.76096,0.76164,2.55,2.55
2011.01.18 10:02:19.124,0.76105,0.76165,2.25,2.55
2011.01.18 10:02:19.344,0.76097,0.76163,2.55,2.55
2011.01.18 10:02:19.804,0.76106,0.76164,2.25,2.55
2011.01.18 10:02:19.919,0.76097,0.76163,6.30,2.55
2011.01.18 10:02:20.131,0.76105,0.76165,2.25,2.55
2011.01.18 10:02:20.877,0.76106,0.76164,2.25,2.55
2011.01.18 10:02:21.804,0.76106,0.76164,2.33,2.40
2011.01.18 10:02:22.153,0.76113,0.76166,2.40,2.40
2011.01.18 10:02:22.573,0.76113,0.76166,2.25,2.55
2011.01.18 10:02:22.689,0.76113,0.76166,2.33,2.33
2011.01.18 10:02:22.993,0.76103,0.76164,1.05,2.40
2011.01.18 10:02:23.355,0.76105,0.76165,2.25,2.40
2011.01.18 10:02:23.464,0.76105,0.76165,2.33,2.40
2011.01.18 10:02:24.144,0.76096,0.76164,2.40,2.40
2011.01.18 10:02:24.364,0.76105,0.76165,2.25,2.40
2011.01.18 10:02:24.583,0.76096,0.76164,2.40,2.40
2011.01.18 10:02:24.947,0.76105,0.76165,2.33,2.33
2011.01.18 10:02:25.757,0.76106,0.76164,2.25,2.40
2011.01.18 10:02:25.865,0.76097,0.76163,2.48,2.33
2011.01.18 10:02:26.085,0.76106,0.76164,2.25,2.40
2011.01.18 10:02:26.194,0.76106,0.76164,2.33,2.33
2011.01.18 10:02:26.676,0.76096,0.76164,2.40,2.40
2011.01.18 10:02:26.786,0.76096,0.76164,6.34,2.33
2011.01.18 10:02:27.005,0.76096,0.76164,2.40,2.40
2011.01.18 10:02:27.367,0.76106,0.76164,2.33,2.33
2011.01.18 10:02:27.744,0.76096,0.76164,2.40,2.40
2011.01.18 10:02:28.055,0.76105,0.76165,2.25,2.40
2011.01.18 10:02:28.274,0.76097,0.76163,2.40,2.40
2011.01.18 10:02:28.534,0.76105,0.76165,2.25,2.40
2011.01.18 10:02:29.094,0.76096,0.76164,2.40,2.40
2011.01.18 10:02:29.357,0.76105,0.76165,2.25,2.40
2011.01.18 10:02:29.695,0.76096,0.76164,6.15,2.40
2011.01.18 10:02:29.803,0.76105,0.76165,2.25,2.40
2011.01.18 10:02:30.254,0.76097,0.76163,2.40,2.40
2011.01.18 10:02:30.474,0.76105,0.76165,2.25,2.40
2011.01.18 10:02:31.286,0.76097,0.76163,2.40,2.40
2011.01.18 10:02:32.074,0.76106,0.76164,2.25,2.40
2011.01.18 10:02:33.136,0.76096,0.76164,2.40,2.40
2011.01.18 10:02:33.355,0.76106,0.76164,2.25,2.40
2011.01.18 10:02:33.914,0.76097,0.76163,2.40,2.40
2011.01.18 10:02:34.026,0.76105,0.76165,2.25,2.40
2011.01.18 10:02:34.174,0.76096,0.76164,6.15,2.40
2011.01.18 10:02:34.533,0.76105,0.76165,2.25,2.40
2011.01.18 10:02:34.754,0.76096,0.76164,2.40,2.40
2011.01.18 10:02:35.328,0.76105,0.76165,2.33,2.33
2011.01.18 10:02:35.816,0.76106,0.76164,2.25,2.40
2011.01.18 10:02:36.143,0.76096,0.76164,2.40,2.40
2011.01.18 10:02:36.534,0.76105,0.76165,2.25,2.40
2011.01.18 10:02:36.755,0.76105,0.76165,2.33,2.33
2011.01.18 10:02:36.864,0.76105,0.76165,2.25,2.40
2011.01.18 10:02:37.138,0.76096,0.76164,6.15,2.40
2011.01.18 10:02:37.246,0.76105,0.76165,2.25,2.40
2011.01.18 10:02:37.399,0.76097,0.76163,2.78,2.40
2011.01.18 10:02:37.806,0.76106,0.76164,2.25,2.40
2011.01.18 10:02:38.289,0.76096,0.76164,2.40,2.40
2011.01.18 10:02:38.757,0.76106,0.76164,2.25,2.40
2011.01.18 10:02:38.770,0.76097,0.76163,2.78,2.40
2011.01.18 10:02:39.056,0.76106,0.76164,2.25,2.40
2011.01.18 10:02:39.832,0.76097,0.76163,2.40,2.40
2011.01.18 10:02:39.949,0.76105,0.76165,2.25,2.55
2011.01.18 10:02:40.067,0.76096,0.76164,2.55,2.55
2011.01.18 10:02:40.440,0.76105,0.76165,2.25,2.55
2011.01.18 10:02:40.556,0.76105,0.76165,2.40,2.40
2011.01.18 10:02:41.044,0.76097,0.76163,2.55,2.55
2011.01.18 10:02:41.425,0.76106,0.76164,2.40,2.40
2011.01.18 10:02:42.191,0.76096,0.76164,2.55,2.55
2011.01.18 10:02:42.307,0.76105,0.76165,2.40,2.40
2011.01.18 10:02:42.656,0.76096,0.76164,2.55,2.55
2011.01.18 10:02:42.984,0.76106,0.76164,2.25,2.55
2011.01.18 10:02:43.444,0.76105,0.76165,2.40,2.40
2011.01.18 10:02:43.554,0.76096,0.76164,2.55,2.55
2011.01.18 10:02:43.883,0.76105,0.76165,2.40,2.40
2011.01.18 10:02:44.243,0.76105,0.76165,2.40,2.55
2011.01.18 10:02:44.664,0.76105,0.76165,2.25,2.40
2011.01.18 10:02:44.774,0.76097,0.76163,6.34,2.33
2011.01.18 10:02:45.371,0.76105,0.76165,2.25,2.40
2011.01.18 10:02:45.593,0.76097,0.76163,2.78,2.40
2011.01.18 10:02:45.703,0.76097,0.76163,6.34,2.33
2011.01.18 10:02:46.354,0.76113,0.76166,2.40,2.40
2011.01.18 10:02:47.431,0.76113,0.76166,2.55,2.40
2011.01.18 10:02:48.481,0.76113,0.76166,2.40,2.33
2011.01.18 10:02:52.934,0.7612,0.76169,2.33,2.33
2011.01.18 10:02:53.043,0.7612,0.76169,2.70,2.70
2011.01.18 10:02:53.488,0.76124,0.76185,2.33,2.33
2011.01.18 10:02:53.705,0.76124,0.76185,2.55,2.40
2011.01.18 10:02:54.657,0.76124,0.76185,2.93,6.53
2011.01.18 10:02:54.766,0.7612,0.76169,6.15,2.63
2011.01.18 10:02:55.694,0.7612,0.76169,6.30,2.63
2011.01.18 10:02:55.803,0.7612,0.76169,6.30,2.25
2011.01.18 10:02:56.459,0.76125,0.76174,2.78,2.78
2011.01.18 10:02:56.638,0.76125,0.76174,6.34,2.70
2011.01.18 10:02:56.877,0.76125,0.76174,2.63,6.15
2011.01.18 10:02:57.277,0.76111,0.76158,6.30,2.63
2011.01.18 10:02:57.603,0.76106,0.76153,6.30,2.63
2011.01.18 10:02:57.824,0.76113,0.76166,2.33,2.33
2011.01.18 10:02:58.176,0.76115,0.76174,2.25,2.40
2011.01.18 10:02:59.173,0.76115,0.76174,2.40,2.40
2011.01.18 10:02:59.667,0.76113,0.76166,2.33,2.25
2011.01.18 10:03:00.386,0.76106,0.76153,6.15,2.63
2011.01.18 10:03:02.048,0.76106,0.76153,6.15,6.15
2011.01.18 10:03:02.263,0.76106,0.76153,6.30,2.25
2011.01.18 10:03:02.396,0.76111,0.76158,2.78,2.78
2011.01.18 10:03:03.808,0.76111,0.76158,6.15,2.78
2011.01.18 10:03:03.916,0.76111,0.76158,6.15,2.70
2011.01.18 10:03:05.407,0.76111,0.76158,2.40,2.70
2011.01.18 10:03:05.513,0.76111,0.76158,2.33,6.15
2011.01.18 10:03:06.157,0.76105,0.76154,6.15,6.15
2011.01.18 10:03:07.795,0.76105,0.76154,6.15,2.70
2011.01.18 10:03:10.186,0.7611,0.76157,2.63,2.70
2011.01.18 10:03:10.404,0.7611,0.76157,2.25,6.34
2011.01.18 10:03:10.516,0.76105,0.76152,2.63,2.78
2011.01.18 10:03:10.788,0.76098,0.7615,2.40,2.33
2011.01.18 10:03:10.896,0.76098,0.7615,2.25,2.33
2011.01.18 10:03:11.004,0.7609,0.76148,2.33,2.33
2011.01.18 10:03:11.504,0.7609,0.76148,5.85,2.25
2011.01.18 10:03:11.836,0.76109,0.76156,2.63,2.70
2011.01.18 10:03:12.187,0.76099,0.76149,2.33,2.25
2011.01.18 10:03:12.309,0.76101,0.76154,2.33,2.33
2011.01.18 10:03:12.756,0.76101,0.76154,2.25,2.55
2011.01.18 10:03:13.262,0.76113,0.76162,2.63,2.70
2011.01.18 10:03:13.368,0.76109,0.76156,2.63,2.63
2011.01.18 10:03:13.476,0.76109,0.76156,2.63,2.25
2011.01.18 10:03:13.584,0.76123,0.76171,2.63,2.78
2011.01.18 10:03:14.060,0.76123,0.76171,2.63,2.40
2011.01.18 10:03:14.167,0.76112,0.76163,2.40,2.25
2011.01.18 10:03:14.386,0.76114,0.76163,2.63,2.63
2011.01.18 10:03:14.909,0.76107,0.7616,2.55,2.25
2011.01.18 10:03:15.659,0.76107,0.7616,5.85,2.33
2011.01.18 10:03:17.137,0.76107,0.7616,2.48,2.25
2011.01.18 10:03:17.570,0.76107,0.7616,2.25,2.33
2011.01.18 10:03:18.242,0.7611,0.76161,2.25,2.25
2011.01.18 10:03:19.886,0.7611,0.76161,2.40,2.40
2011.01.18 10:03:20.639,0.7611,0.76161,2.25,2.40
2011.01.18 10:03:23.048,0.7611,0.76171,6.34,2.33
2011.01.18 10:03:23.265,0.7612,0.76171,2.33,2.25
2011.01.18 10:03:23.373,0.76125,0.76174,2.63,2.70
2011.01.18 10:03:23.758,0.76125,0.76178,2.25,2.25
2011.01.18 10:03:24.078,0.76123,0.76192,2.40,2.40
2011.01.18 10:03:24.187,0.76115,0.76182,2.40,2.25
2011.01.18 10:03:24.852,0.76125,0.76182,2.25,2.25
2011.01.18 10:03:25.184,0.76125,0.76182,2.40,2.25
2011.01.18 10:03:25.638,0.76117,0.76181,1.05,2.40
2011.01.18 10:03:25.853,0.76115,0.76182,5.85,2.33
2011.01.18 10:03:25.964,0.76118,0.76182,1.05,2.55
2011.01.18 10:03:26.184,0.76125,0.76182,2.33,2.25
2011.01.18 10:03:26.545,0.76124,0.76183,2.40,2.40
2011.01.18 10:03:26.816,0.76124,0.76183,2.33,2.78
2011.01.18 10:03:29.614,0.76116,0.76181,5.85,2.33
2011.01.18 10:03:29.724,0.76116,0.76181,2.40,2.70
2011.01.18 10:03:29.833,0.7612,0.76171,2.33,2.25
2011.01.18 10:03:30.645,0.7612,0.76171,2.40,2.25
2011.01.18 10:03:31.099,0.76127,0.76174,2.63,2.63
2011.01.18 10:03:31.314,0.76123,0.76176,2.40,2.25
2011.01.18 10:03:32.016,0.76125,0.76182,2.25,2.70
2011.01.18 10:03:33.205,0.76125,0.76182,2.63,2.70
2011.01.18 10:03:33.313,0.76125,0.76182,2.78,2.40
2011.01.18 10:03:33.424,0.76132,0.76183,2.25,6.04
2011.01.18 10:03:33.860,0.76124,0.7617,2.63,2.70
2011.01.18 10:03:33.980,0.76124,0.7617,2.70,2.25
2011.01.18 10:03:34.086,0.76131,0.76184,2.25,5.85
2011.01.18 10:03:34.668,0.76137,0.76186,2.25,2.40
2011.01.18 10:03:34.774,0.76137,0.76186,2.25,2.55
2011.01.18 10:03:34.884,0.76132,0.76183,2.40,2.55
2011.01.18 10:03:36.364,0.76132,0.76183,2.63,2.93
2011.01.18 10:03:37.640,0.76128,0.76176,2.78,2.70
2011.01.18 10:03:37.974,0.76122,0.76176,1.05,2.63
2011.01.18 10:03:38.376,0.76122,0.76175,2.93,2.78
2011.01.18 10:03:39.669,0.76122,0.76175,2.93,2.78
2011.01.18 10:03:39.784,0.76122,0.76175,2.78,6.30
2011.01.18 10:03:42.657,0.76121,0.76168,6.15,2.78
2011.01.18 10:03:44.277,0.76119,0.76168,2.70,6.15
2011.01.18 10:03:44.384,0.76119,0.76168,2.70,2.78
2011.01.18 10:03:44.743,0.76124,0.7617,2.63,2.78
2011.01.18 10:03:45.233,0.76124,0.7617,2.63,2.25
2011.01.18 10:03:45.343,0.76124,0.76177,2.63,2.78
2011.01.18 10:03:46.806,0.76124,0.76177,2.70,2.78
2011.01.18 10:03:47.093,0.76124,0.7617,2.70,2.70
2011.01.18 10:03:48.673,0.76124,0.7617,2.70,6.15
2011.01.18 10:03:49.034,0.76124,0.7617,2.25,2.78
2011.01.18 10:03:49.143,0.76111,0.76164,2.40,2.33
2011.01.18 10:03:49.254,0.76102,0.76153,2.40,2.25
2011.01.18 10:03:49.918,0.76093,0.76142,6.34,2.63
2011.01.18 10:03:50.025,0.76093,0.76142,2.85,2.25
2011.01.18 10:03:50.137,0.76101,0.76154,2.40,2.25
2011.01.18 10:03:50.354,0.76103,0.76162,2.25,2.40
2011.01.18 10:03:50.465,0.76103,0.76162,2.25,2.55
2011.01.18 10:03:50.739,0.76094,0.76162,2.40,2.55
2011.01.18 10:03:50.845,0.76102,0.76163,2.40,2.55
2011.01.18 10:03:51.885,0.76102,0.76163,2.25,2.48
2011.01.18 10:03:52.103,0.76095,0.76161,2.33,2.40
2011.01.18 10:03:52.375,0.76102,0.76163,2.25,2.48
2011.01.18 10:03:52.489,0.76095,0.76161,2.40,2.55
2011.01.18 10:03:52.704,0.76102,0.76163,2.33,2.40
2011.01.18 10:03:53.014,0.76095,0.76161,2.33,2.40
2011.01.18 10:03:53.376,0.76102,0.76163,2.33,2.40
2011.01.18 10:03:53.924,0.76102,0.76163,2.33,2.40
2011.01.18 10:03:54.292,0.76094,0.76162,2.33,2.48
2011.01.18 10:03:58.324,0.76098,0.76165,2.40,2.55
2011.01.18 10:03:59.926,0.76098,0.76165,2.33,2.40
2011.01.18 10:04:02.129,0.76098,0.76165,2.48,2.40
2011.01.18 10:04:03.190,0.76098,0.76165,2.70,2.40
2011.01.18 10:04:19.651,0.76102,0.76169,2.25,6.04
2011.01.18 10:04:19.985,0.76092,0.76141,2.33,2.25
2011.01.18 10:04:20.354,0.76091,0.76141,2.40,2.25
2011.01.18 10:04:20.888,0.76091,0.76141,2.40,2.40
2011.01.18 10:04:21.396,0.76091,0.76141,2.40,2.25
2011.01.18 10:04:21.837,0.76091,0.76141,2.25,2.40
2011.01.18 10:04:22.054,0.76082,0.76129,6.15,2.63
2011.01.18 10:04:22.275,0.76091,0.76141,2.40,2.40
2011.01.18 10:04:22.727,0.76082,0.76129,2.78,2.63
2011.01.18 10:04:23.054,0.76076,0.76125,6.15,2.63
2011.01.18 10:04:24.088,0.76076,0.76125,6.34,2.63
2011.01.18 10:04:26.004,0.76076,0.76125,6.15,2.70
2011.01.18 10:04:26.583,0.76077,0.76126,2.93,2.63
2011.01.18 10:04:27.658,0.76077,0.76126,2.78,6.15
2011.01.18 10:04:28.697,0.76077,0.76126,6.15,2.70
2011.01.18 10:04:31.086,0.76077,0.76126,6.34,2.70
2011.01.18 10:04:31.199,0.7608,0.76133,2.59,2.97
2011.01.18 10:04:34.586,0.76078,0.76125,2.78,2.70
2011.01.18 10:04:35.409,0.76078,0.76125,2.78,2.33
2011.01.18 10:04:36.731,0.76082,0.76132,1.15,6.72
2011.01.18 10:04:38.680,0.76079,0.76132,6.12,2.74
2011.01.18 10:04:39.085,0.76077,0.76137,5.85,3.27
2011.01.18 10:04:39.199,0.76079,0.76137,3.15,3.27
2011.01.18 10:04:39.904,0.76081,0.76138,5.97,2.59
2011.01.18 10:04:40.017,0.76081,0.76138,5.97,2.52
2011.01.18 10:04:40.440,0.76081,0.76138,6.15,2.52
2011.01.18 10:04:42.066,0.76081,0.76138,6.12,2.74
2011.01.18 10:04:42.984,0.76081,0.76138,5.97,2.59
2011.01.18 10:04:43.436,0.7608,0.76132,2.59,2.25
2011.01.18 10:04:44.913,0.7608,0.76132,6.12,2.40
2011.01.18 10:04:49.174,0.7608,0.76132,2.59,2.40
2011.01.18 10:04:50.299,0.7608,0.76132,2.59,2.40
2011.01.18 10:04:51.339,0.7608,0.76132,5.97,2.40
2011.01.18 10:04:52.358,0.7608,0.76132,5.97,2.33
2011.01.18 10:04:52.909,0.76081,0.76131,5.97,2.25
2011.01.18 10:04:53.275,0.76081,0.76126,2.25,1.32
2011.01.18 10:04:53.384,0.76068,0.76115,6.68,2.63
2011.01.18 10:04:53.494,0.76068,0.76115,6.68,2.25
2011.01.18 10:04:53.916,0.76087,0.76136,2.82,2.82
2011.01.18 10:04:54.026,0.76087,0.76136,2.59,6.34
2011.01.18 10:04:54.639,0.76083,0.7613,6.72,2.82
2011.01.18 10:04:54.881,0.76083,0.7613,2.97,2.82
2011.01.18 10:04:54.997,0.76083,0.76128,2.40,1.32
2011.01.18 10:04:56.816,0.76078,0.76125,6.63,2.63
2011.01.18 10:04:57.345,0.76078,0.76125,2.82,2.70
2011.01.18 10:04:57.455,0.76078,0.76125,2.44,2.70
2011.01.18 10:04:57.675,0.76067,0.76113,2.78,2.82
2011.01.18 10:04:58.089,0.76067,0.76113,2.33,2.82
2011.01.18 10:04:58.447,0.76063,0.76109,2.78,2.25
2011.01.18 10:04:58.795,0.7607,0.76117,2.63,2.63
2011.01.18 10:05:00.180,0.7607,0.76117,2.70,2.70
2011.01.18 10:05:01.747,0.76064,0.76106,2.22,2.63
2011.01.18 10:05:01.857,0.76059,0.76106,6.63,2.25
2011.01.18 10:05:02.075,0.76063,0.76109,2.97,2.25
2011.01.18 10:05:02.184,0.76063,0.76117,2.97,6.45
2011.01.18 10:05:03.660,0.76063,0.76117,6.63,6.63
2011.01.18 10:05:04.964,0.7607,0.76117,2.89,6.63
2011.01.18 10:05:05.297,0.7607,0.76117,2.82,2.97
2011.01.18 10:05:05.517,0.7607,0.76117,2.40,2.82
2011.01.18 10:05:06.030,0.76063,0.76117,6.34,6.34
2011.01.18 10:05:06.142,0.76063,0.76117,6.87,2.97
2011.01.18 10:05:07.588,0.76063,0.76117,6.63,6.63
2011.01.18 10:05:08.388,0.76064,0.76117,1.28,6.63
2011.01.18 10:05:08.501,0.76062,0.7611,2.97,6.27
2011.01.18 10:05:08.615,0.76069,0.76114,2.25,2.70
2011.01.18 10:05:08.837,0.76073,0.76124,2.44,2.59
2011.01.18 10:05:09.723,0.76073,0.76124,2.52,2.52
2011.01.18 10:05:10.753,0.76073,0.76124,2.52,2.59
2011.01.18 10:05:12.936,0.76073,0.76124,2.52,2.59
2011.01.18 10:05:17.148,0.76073,0.76124,2.44,2.59
2011.01.18 10:05:17.255,0.76073,0.76124,2.59,2.89
2011.01.18 10:05:18.220,0.76065,0.76124,7.09,6.90
2011.01.18 10:05:21.284,0.76065,0.76123,2.59,1.09
2011.01.18 10:05:21.894,0.76064,0.76117,2.59,2.25
2011.01.18 10:05:23.655,0.76064,0.76117,2.59,2.55
2011.01.18 10:05:25.168,0.76064,0.76117,5.97,2.33
2011.01.18 10:05:30.935,0.76064,0.76117,2.59,2.33
2011.01.18 10:05:31.674,0.76072,0.76125,2.40,2.33
2011.01.18 10:05:32.547,0.76072,0.76125,2.33,2.40
2011.01.18 10:05:35.975,0.76072,0.76125,2.40,2.40
2011.01.18 10:05:39.149,0.76064,0.76123,5.97,2.59
2011.01.18 10:05:39.658,0.76064,0.7612,2.40,1.02
2011.01.18 10:05:39.986,0.76056,0.76102,2.78,2.63
2011.01.18 10:05:41.718,0.76056,0.76102,6.15,2.63
2011.01.18 10:05:42.718,0.76056,0.76102,6.15,2.70
2011.01.18 10:05:43.645,0.76056,0.76102,2.97,2.89
2011.01.18 10:05:45.015,0.76061,0.76107,2.89,2.82
2011.01.18 10:05:46.145,0.76061,0.76107,2.89,2.63
2011.01.18 10:05:46.615,0.76069,0.76118,2.63,6.34
2011.01.18 10:05:46.944,0.7606,0.76108,2.78,2.82
2011.01.18 10:05:47.054,0.7606,0.76108,6.15,2.89
2011.01.18 10:05:48.718,0.7606,0.76108,6.15,6.45
2011.01.18 10:05:49.663,0.7606,0.76108,2.70,6.45
2011.01.18 10:05:51.482,0.7606,0.76108,2.78,2.89
2011.01.18 10:05:52.018,0.7606,0.76108,2.78,2.97
2011.01.18 10:05:52.259,0.76065,0.76113,2.78,2.97
2011.01.18 10:05:52.951,0.76065,0.76113,2.63,6.78
2011.01.18 10:05:53.307,0.7606,0.76108,2.97,2.97
2011.01.18 10:05:55.445,0.7606,0.76108,2.52,6.34
2011.01.18 10:05:56.995,0.76056,0.76102,2.78,2.97
2011.01.18 10:05:57.717,0.76056,0.76102,2.70,2.97
2011.01.18 10:06:09.215,0.76057,0.76104,2.93,2.97
2011.01.18 10:06:11.005,0.76059,0.76104,1.47,2.82
2011.01.18 10:06:12.699,0.76061,0.76108,2.97,2.59
2011.01.18 10:06:13.675,0.76061,0.76108,2.97,1.39
2011.01.18 10:06:14.407,0.76067,0.76109,2.22,2.82
2011.01.18 10:06:14.516,0.76067,0.76112,2.22,1.02
2011.01.18 10:06:15.686,0.76063,0.76116,2.67,2.33
2011.01.18 10:06:16.944,0.76063,0.76116,2.52,2.40
2011.01.18 10:06:17.444,0.76063,0.76116,2.89,6.15
2011.01.18 10:06:17.558,0.76063,0.76116,2.82,6.34
2011.01.18 10:06:18.785,0.7606,0.7611,2.78,6.30
2011.01.18 10:06:25.738,0.76064,0.7611,1.02,2.25
2011.01.18 10:06:25.845,0.76065,0.76123,2.52,1.09
2011.01.18 10:06:25.955,0.76065,0.76117,2.59,1.02
2011.01.18 10:06:26.337,0.76064,0.76115,2.33,2.33
2011.01.18 10:06:27.412,0.76064,0.76115,2.25,2.40
2011.01.18 10:06:28.205,0.7606,0.76111,2.33,2.25
2011.01.18 10:06:28.417,0.7606,0.76111,2.40,2.40
2011.01.18 10:06:29.687,0.7606,0.76111,2.40,2.33
2011.01.18 10:06:30.547,0.76067,0.76115,2.70,2.70
2011.01.18 10:06:31.750,0.76067,0.76115,2.78,6.15
2011.01.18 10:06:33.247,0.76067,0.76115,2.70,2.70
2011.01.18 10:06:33.434,0.76067,0.76115,2.70,6.15
2011.01.18 10:06:34.536,0.76067,0.76115,6.34,2.70
2011.01.18 10:06:46.485,0.76071,0.76119,2.25,3.12
2011.01.18 10:06:46.705,0.76064,0.76115,2.59,2.59
2011.01.18 10:06:50.446,0.76064,0.76112,2.40,1.09
2011.01.18 10:06:50.555,0.76064,0.76099,2.25,1.32
2011.01.18 10:06:50.915,0.76059,0.76099,1.32,2.25
2011.01.18 10:06:51.026,0.7606,0.7611,2.82,8.22
2011.01.18 10:06:51.848,0.7606,0.7611,2.89,8.33
2011.01.18 10:06:52.427,0.7606,0.76104,2.70,1.39
2011.01.18 10:06:52.535,0.76052,0.76099,2.70,2.89
2011.01.18 10:06:53.059,0.76052,0.76099,2.97,3.57
2011.01.18 10:06:53.696,0.76052,0.76099,2.97,8.22
2011.01.18 10:06:54.771,0.76052,0.76099,2.89,8.22
2011.01.18 10:06:59.125,0.76052,0.76099,2.97,3.57
2011.01.18 10:06:59.234,0.76052,0.76099,2.97,3.19
2011.01.18 10:06:59.570,0.76062,0.76108,3.57,1.19
2011.01.18 10:06:59.685,0.76062,0.76112,3.57,8.74
2011.01.18 10:06:59.877,0.76062,0.76108,3.57,1.30
2011.01.18 10:07:00.094,0.76055,0.76103,2.82,8.37
2011.01.18 10:07:00.204,0.76055,0.76102,2.44,1.09
2011.01.18 10:07:00.718,0.76051,0.76098,3.64,2.70
2011.01.18 10:07:01.673,0.76051,0.76098,8.22,1.39
2011.01.18 10:07:02.380,0.76051,0.76098,8.33,1.02
2011.01.18 10:07:02.498,0.76056,0.76102,6.27,1.32
2011.01.18 10:07:02.717,0.76061,0.76105,1.32,2.89
2011.01.18 10:07:03.341,0.76061,0.76109,2.63,6.34
2011.01.18 10:07:03.853,0.76061,0.76109,2.70,6.45
2011.01.18 10:07:04.670,0.76061,0.76109,6.15,6.45
2011.01.18 10:07:06.845,0.76061,0.76109,2.70,6.45
2011.01.18 10:07:07.346,0.76057,0.76104,2.63,6.34
2011.01.18 10:07:07.717,0.76057,0.76104,2.82,2.97
2011.01.18 10:07:08.127,0.76057,0.76104,2.82,2.97
2011.01.18 10:07:08.936,0.76055,0.76102,2.82,1.39
2011.01.18 10:07:09.499,0.76058,0.76102,2.25,1.39
2011.01.18 10:07:09.848,0.76062,0.76102,2.63,1.09
2011.01.18 10:07:09.955,0.76062,0.761,2.25,1.32
2011.01.18 10:07:10.064,0.76055,0.761,1.32,1.32
2011.01.18 10:07:10.618,0.76057,0.76104,1.32,6.49
2011.01.18 10:07:10.729,0.76059,0.76105,2.82,1.47
2011.01.18 10:07:11.086,0.76064,0.7611,1.32,2.59
2011.01.18 10:07:11.637,0.7606,0.76106,2.59,1.32
2011.01.18 10:07:12.242,0.7606,0.76107,2.59,3.34
2011.01.18 10:07:12.357,0.76068,0.76114,1.39,8.33
2011.01.18 10:07:16.706,0.76068,0.76114,1.39,8.33
2011.01.18 10:07:17.396,0.76068,0.76114,1.47,8.22
2011.01.18 10:07:17.505,0.76068,0.76114,1.47,3.34
2011.01.18 10:07:18.010,0.76073,0.76119,1.32,6.78
2011.01.18 10:07:18.118,0.76078,0.76124,1.32,8.22
2011.01.18 10:07:18.335,0.76078,0.76132,2.44,2.59
2011.01.18 10:07:18.784,0.76077,0.76124,2.78,2.97
2011.01.18 10:07:20.738,0.76077,0.76124,2.78,6.34
2011.01.18 10:07:21.936,0.76077,0.76124,2.63,6.34
2011.01.18 10:07:22.937,0.76077,0.7612,2.25,2.52
2011.01.18 10:07:23.044,0.76066,0.76115,2.70,2.82
2011.01.18 10:07:23.444,0.76071,0.76115,1.02,2.70
2011.01.18 10:07:23.806,0.76076,0.76125,3.57,6.45
2011.01.18 10:07:24.546,0.76076,0.76125,2.63,6.34
2011.01.18 10:07:25.408,0.76076,0.76123,2.63,1.15
2011.01.18 10:07:26.957,0.76076,0.76125,2.78,6.34
2011.01.18 10:07:28.094,0.76081,0.76124,2.63,1.47
2011.01.18 10:07:28.588,0.76071,0.76118,2.70,2.70
2011.01.18 10:07:28.898,0.76071,0.76118,6.27,2.52
2011.01.18 10:07:29.004,0.7608,0.76127,3.57,1.62
2011.01.18 10:07:29.954,0.7608,0.76127,2.82,1.09
2011.01.18 10:07:30.184,0.7608,0.76128,2.82,1.24
2011.01.18 10:07:30.816,0.7608,0.76113,2.25,1.32
2011.01.18 10:07:31.138,0.76062,0.76108,1.77,2.82
2011.01.18 10:07:31.247,0.76061,0.76108,2.33,2.52
2011.01.18 10:07:31.355,0.76064,0.76115,2.44,5.97
2011.01.18 10:07:31.685,0.7606,0.76109,2.63,3.12
2011.01.18 10:07:31.955,0.76057,0.76105,2.25,2.97
2011.01.18 10:07:32.067,0.76049,0.76102,2.52,2.59
2011.01.18 10:07:33.459,0.76048,0.76101,2.52,6.34
2011.01.18 10:07:33.566,0.76048,0.761,2.33,3.15
2011.01.18 10:07:33.677,0.76045,0.76096,5.97,2.44
2011.01.18 10:07:34.664,0.76045,0.76096,2.59,2.33
2011.01.18 10:07:35.786,0.76045,0.76096,2.52,2.33
2011.01.18 10:07:36.925,0.76045,0.76096,2.59,2.55
2011.01.18 10:07:39.176,0.76045,0.76096,3.34,2.55
2011.01.18 10:07:39.286,0.76045,0.76096,8.22,2.25
2011.01.18 10:07:39.394,0.76053,0.76104,2.25,2.55
2011.01.18 10:07:40.694,0.76053,0.76104,2.33,2.40
2011.01.18 10:07:41.561,0.76053,0.76104,2.33,2.33
2011.01.18 10:07:41.678,0.76061,0.76111,2.25,2.40
2011.01.18 10:07:41.945,0.76061,0.76111,2.33,2.33
2011.01.18 10:07:42.615,0.76063,0.76116,3.19,2.55
2011.01.18 10:07:42.738,0.76076,0.76124,2.82,6.34
2011.01.18 10:07:43.537,0.76076,0.76124,2.82,6.45
2011.01.18 10:07:46.817,0.76076,0.76124,6.34,6.34
2011.01.18 10:07:47.525,0.76076,0.76124,2.44,6.34
2011.01.18 10:07:47.635,0.76076,0.7612,2.25,2.52
2011.01.18 10:07:47.745,0.76071,0.76119,2.44,1.94
2011.01.18 10:07:48.193,0.76057,0.76104,2.89,2.63
2011.01.18 10:07:48.311,0.76057,0.76104,2.82,2.70
2011.01.18 10:07:48.646,0.76053,0.76106,2.97,2.25
2011.01.18 10:07:48.979,0.76058,0.76106,1.09,2.25
2011.01.18 10:07:49.088,0.76055,0.76115,3.19,3.34
2011.01.18 10:07:49.195,0.76055,0.76115,3.19,2.59
2011.01.18 10:07:50.017,0.76063,0.76116,2.52,2.33
2011.01.18 10:07:50.235,0.76056,0.76114,6.34,2.59
2011.01.18 10:07:50.345,0.76064,0.76115,2.25,2.59
2011.01.18 10:07:51.081,0.76064,0.76115,2.25,5.97
2011.01.18 10:07:51.195,0.76064,0.76115,2.25,2.59
2011.01.18 10:07:51.526,0.76064,0.76115,2.25,2.40
2011.01.18 10:07:51.885,0.76057,0.76104,2.70,2.63
2011.01.18 10:07:52.276,0.76057,0.76104,2.33,2.63
2011.01.18 10:07:52.605,0.76057,0.76099,2.25,1.32
2011.01.18 10:07:52.715,0.76048,0.76095,2.97,2.82
2011.01.18 10:07:53.725,0.76048,0.76095,6.72,2.63
2011.01.18 10:07:54.775,0.76052,0.76095,2.59,2.25
2011.01.18 10:07:54.884,0.76055,0.76103,2.82,1.15
2011.01.18 10:07:55.521,0.76055,0.76104,6.63,2.89
2011.01.18 10:07:56.026,0.76059,0.76108,6.27,2.78
2011.01.18 10:07:56.139,0.76059,0.76108,6.27,2.40
2011.01.18 10:07:56.247,0.76065,0.76111,2.63,2.70
2011.01.18 10:07:56.825,0.7606,0.76107,2.82,2.89
2011.01.18 10:07:57.146,0.7606,0.76107,2.82,6.81
2011.01.18 10:07:57.254,0.7606,0.76107,2.25,6.15
2011.01.18 10:07:57.364,0.76051,0.76104,8.14,6.15
2011.01.18 10:07:57.474,0.76051,0.76104,8.22,2.70
2011.01.18 10:07:57.828,0.76059,0.76108,2.63,6.53
2011.01.18 10:07:57.935,0.76048,0.761,2.25,2.33
2011.01.18 10:07:58.045,0.76055,0.76104,2.63,6.27
2011.01.18 10:07:58.445,0.76055,0.76104,2.25,2.70
2011.01.18 10:07:58.563,0.76051,0.76101,2.97,2.82
2011.01.18 10:07:59.168,0.76042,0.761,2.52,2.52
2011.01.18 10:07:59.275,0.7605,0.76102,2.25,2.40
2011.01.18 10:07:59.495,0.76041,0.76101,2.52,2.33
2011.01.18 10:07:59.604,0.76041,0.76101,2.33,2.52
2011.01.18 10:07:59.715,0.76041,0.76101,6.15,2.52
2011.01.18 10:08:00.078,0.7605,0.76102,2.25,2.33
2011.01.18 10:08:00.425,0.7605,0.76102,2.52,2.40
2011.01.18 10:08:01.146,0.76057,0.76106,2.70,6.15
2011.01.18 10:08:01.364,0.76051,0.76101,2.40,2.44
2011.01.18 10:08:01.847,0.76058,0.76105,2.63,6.63
2011.01.18 10:08:02.274,0.76058,0.76105,2.25,6.63
2011.01.18 10:08:02.638,0.76049,0.76097,2.25,1.47
2011.01.18 10:08:03.403,0.7605,0.76097,2.63,2.82
2011.01.18 10:08:03.765,0.76042,0.76094,2.59,2.52
2011.01.18 10:08:04.378,0.76042,0.76092,2.40,1.02
2011.01.18 10:08:04.487,0.76034,0.76084,6.34,1.32
2011.01.18 10:08:04.815,0.76038,0.76083,1.09,2.25
2011.01.18 10:08:04.926,0.76046,0.76094,1.32,2.89
2011.01.18 10:08:05.736,0.76042,0.76094,2.59,2.59
2011.01.18 10:08:05.844,0.76042,0.76094,2.59,2.52
2011.01.18 10:08:06.176,0.76049,0.76098,2.25,2.97
2011.01.18 10:08:06.956,0.76049,0.76098,2.63,3.12
2011.01.18 10:08:07.535,0.76067,0.76098,1.32,2.25
2011.01.18 10:08:07.646,0.76074,0.76123,2.63,6.81
2011.01.18 10:08:07.947,0.76074,0.76115,2.25,1.02
2011.01.18 10:08:08.058,0.76054,0.76112,2.40,2.44
2011.01.18 10:08:09.515,0.76054,0.76112,6.49,2.55
2011.01.18 10:08:10.379,0.76062,0.76114,2.33,6.15
2011.01.18 10:08:10.488,0.76063,0.76113,2.25,2.40
2011.01.18 10:08:10.596,0.76053,0.76113,2.52,2.59
2011.01.18 10:08:10.705,0.76053,0.76113,6.81,6.15
2011.01.18 10:08:10.925,0.76062,0.76114,2.25,2.59
2011.01.18 10:08:11.146,0.76054,0.76112,2.52,2.52
2011.01.18 10:08:11.622,0.76062,0.76114,2.25,5.97
2011.01.18 10:08:12.175,0.76062,0.76114,2.40,2.55
2011.01.18 10:08:12.804,0.76062,0.76114,2.40,2.55
2011.01.18 10:08:13.607,0.76062,0.76114,2.33,2.40
2011.01.18 10:08:14.056,0.76069,0.76118,2.63,6.34
2011.01.18 10:08:14.785,0.76069,0.76118,2.63,6.34
2011.01.18 10:08:15.386,0.76075,0.76122,2.25,6.34
2011.01.18 10:08:15.616,0.76075,0.76122,2.25,6.53
2011.01.18 10:08:15.725,0.76069,0.76118,2.70,6.34
2011.01.18 10:08:15.945,0.76077,0.76118,1.02,2.63
2011.01.18 10:08:16.055,0.76077,0.76118,1.02,2.25
2011.01.18 10:08:16.316,0.76074,0.76118,2.52,2.25
2011.01.18 10:08:16.427,0.76082,0.76133,2.25,2.52
2011.01.18 10:08:16.713,0.76082,0.76133,2.25,2.59
2011.01.18 10:08:17.366,0.76082,0.76133,2.40,2.74
2011.01.18 10:08:17.737,0.76082,0.76133,2.70,6.63
2011.01.18 10:08:18.424,0.76084,0.76131,2.97,1.47
2011.01.18 10:08:19.182,0.76084,0.76131,2.89,2.59
2011.01.18 10:08:19.904,0.76084,0.76131,2.82,2.59
2011.01.18 10:08:20.124,0.76079,0.76126,2.89,1.39
2011.01.18 10:08:20.425,0.76079,0.76121,2.70,1.32
2011.01.18 10:08:20.539,0.76079,0.76114,2.25,1.32
2011.01.18 10:08:20.647,0.76069,0.76114,6.34,1.32
2011.01.18 10:08:21.114,0.76069,0.76112,2.78,1.32
2011.01.18 10:08:21.227,0.76062,0.76114,2.40,2.25
2011.01.18 10:08:21.335,0.76053,0.76113,6.51,2.44
2011.01.18 10:08:21.444,0.76053,0.76112,2.33,1.02
2011.01.18 10:08:21.986,0.76052,0.76104,2.40,2.25
2011.01.18 10:08:22.748,0.76052,0.76104,2.40,2.40
2011.01.18 10:08:23.725,0.76052,0.76104,2.33,5.85
2011.01.18 10:08:24.719,0.76052,0.76104,2.40,2.40
2011.01.18 10:08:27.197,0.76052,0.76103,2.40,2.70
2011.01.18 10:08:27.555,0.76052,0.76103,2.25,2.78
2011.01.18 10:08:27.669,0.76052,0.76104,2.33,5.85
2011.01.18 10:08:28.685,0.76052,0.76104,2.40,2.40
2011.01.18 10:08:29.184,0.76052,0.76104,2.40,6.15
2011.01.18 10:08:29.406,0.7605,0.76097,2.70,2.78
2011.01.18 10:08:30.537,0.7605,0.76097,2.78,2.63
2011.01.18 10:08:30.644,0.7605,0.76097,2.40,2.25
2011.01.18 10:08:31.055,0.76053,0.76103,2.25,2.59
2011.01.18 10:08:31.643,0.76053,0.76103,2.33,6.33
2011.01.18 10:08:32.659,0.76053,0.76103,2.55,2.74
2011.01.18 10:08:32.997,0.7606,0.76101,2.25,1.32
2011.01.18 10:08:33.351,0.76044,0.76093,6.15,2.63
2011.01.18 10:08:33.468,0.76044,0.76093,2.97,2.82
2011.01.18 10:08:34.629,0.76048,0.76093,1.09,2.63
2011.01.18 10:08:34.736,0.76054,0.76107,3.19,1.39
2011.01.18 10:08:34.845,0.76054,0.76107,3.19,1.02
2011.01.18 10:08:34.955,0.76054,0.76102,2.44,1.09
2011.01.18 10:08:35.299,0.76053,0.76103,2.25,2.59
2011.01.18 10:08:36.737,0.76053,0.76103,2.40,2.59
2011.01.18 10:08:38.066,0.76053,0.76103,2.25,2.67
2011.01.18 10:08:38.394,0.76049,0.76099,2.44,2.55
2011.01.18 10:08:39.306,0.76042,0.76099,2.59,7.05
2011.01.18 10:08:41.682,0.76042,0.76099,2.59,7.09
2011.01.18 10:08:42.786,0.76042,0.76093,2.25,2.59
2011.01.18 10:08:42.894,0.76033,0.76088,2.78,2.89
2011.01.18 10:08:43.734,0.76033,0.76087,2.78,1.19
2011.01.18 10:08:44.244,0.76038,0.76088,1.39,5.85
2011.01.18 10:08:44.464,0.76042,0.76095,1.09,2.37
2011.01.18 10:08:45.212,0.76041,0.76099,2.59,1.80
2011.01.18 10:08:47.853,0.76041,0.76099,3.34,1.39
2011.01.18 10:08:48.189,0.76049,0.76101,2.25,1.08
2011.01.18 10:08:48.407,0.76042,0.76099,2.44,7.43
2011.01.18 10:08:48.517,0.76034,0.76095,1.02,2.22
2011.01.18 10:08:48.877,0.76042,0.76099,5.97,8.97
2011.01.18 10:08:48.986,0.76042,0.76094,2.25,2.22
2011.01.18 10:08:49.579,0.76033,0.76098,8.22,7.09
2011.01.18 10:08:49.686,0.76033,0.76098,3.72,6.51
2011.01.18 10:08:49.795,0.76042,0.76099,2.33,6.98
2011.01.18 10:08:50.526,0.76041,0.76098,2.25,1.83
2011.01.18 10:08:50.634,0.76033,0.76098,2.59,7.45
2011.01.18 10:08:50.745,0.76033,0.76093,2.25,3.83
2011.01.18 10:08:50.965,0.7603,0.76082,5.97,2.25
2011.01.18 10:08:51.075,0.76033,0.76098,2.52,7.09
2011.01.18 10:08:51.446,0.76048,0.761,2.82,1.15
2011.01.18 10:08:52.784,0.76048,0.76103,2.89,6.81
2011.01.18 10:08:53.755,0.76048,0.761,2.89,1.19
2011.01.18 10:08:54.786,0.76048,0.76103,2.89,6.81
2011.01.18 10:08:54.938,0.76048,0.76094,2.82,1.39
2011.01.18 10:08:55.154,0.76024,0.76077,2.82,1.39
2011.01.18 10:08:55.265,0.76024,0.76073,2.25,1.32
2011.01.18 10:08:55.485,0.76019,0.76074,2.63,8.22
2011.01.18 10:08:55.595,0.76011,0.7607,2.59,2.82
2011.01.18 10:08:55.841,0.7602,0.76073,2.63,2.97
2011.01.18 10:08:56.065,0.7602,0.76069,2.25,1.28
2011.01.18 10:08:56.175,0.76012,0.76068,6.72,1.09
2011.01.18 10:08:56.410,0.76019,0.76072,2.25,1.15
2011.01.18 10:08:56.526,0.76011,0.76069,6.12,3.30
2011.01.18 10:08:56.658,0.76012,0.76069,1.09,2.74
2011.01.18 10:08:57.056,0.76011,0.76069,2.59,1.43
2011.01.18 10:08:57.165,0.76011,0.76069,6.15,1.28
2011.01.18 10:08:57.495,0.76011,0.76069,5.97,1.28
2011.01.18 10:08:57.715,0.76019,0.76073,2.70,2.89
2011.01.18 10:08:58.045,0.76011,0.76069,2.59,1.35
2011.01.18 10:08:58.767,0.76015,0.76069,2.52,6.34
2011.01.18 10:08:58.877,0.7602,0.76073,2.89,6.81
2011.01.18 10:08:59.167,0.76015,0.7607,2.52,6.81
2011.01.18 10:08:59.277,0.76019,0.76073,6.27,1.19
2011.01.18 10:08:59.506,0.76015,0.76069,1.02,6.79
2011.01.18 10:08:59.615,0.76012,0.76069,2.59,7.26
2011.01.18 10:08:59.725,0.76012,0.76069,6.81,6.34
2011.01.18 10:09:00.179,0.76011,0.76068,7.84,1.17
2011.01.18 10:09:00.505,0.7602,0.76069,2.25,1.35
2011.01.18 10:09:00.615,0.76011,0.76069,2.59,1.35
2011.01.18 10:09:00.726,0.76012,0.7607,1.08,6.63
2011.01.18 10:09:01.187,0.76012,0.76068,6.63,1.19
2011.01.18 10:09:01.297,0.76012,0.76069,3.04,6.34
2011.01.18 10:09:01.516,0.76018,0.76067,2.63,2.70
2011.01.18 10:09:02.265,0.76012,0.76062,2.52,2.44
2011.01.18 10:09:02.413,0.76012,0.76062,2.59,2.52
2011.01.18 10:09:03.000,0.76012,0.76062,8.33,2.70
2011.01.18 10:09:03.119,0.76012,0.76062,2.52,2.59
2011.01.18 10:09:03.226,0.76012,0.76062,2.97,2.82
2011.01.18 10:09:03.447,0.76018,0.76064,2.25,1.39
2011.01.18 10:09:03.899,0.76019,0.76066,2.63,2.70
2011.01.18 10:09:04.409,0.76019,0.76066,2.63,6.15
2011.01.18 10:09:04.624,0.76011,0.76063,2.33,2.40
2011.01.18 10:09:04.939,0.76011,0.76063,8.33,2.70
2011.01.18 10:09:05.048,0.76011,0.76063,2.52,5.97
2011.01.18 10:09:05.155,0.76011,0.76063,3.27,2.40
2011.01.18 10:09:05.485,0.76019,0.76066,2.25,6.34
2011.01.18 10:09:05.595,0.76012,0.76062,2.40,2.44
2011.01.18 10:09:05.980,0.76018,0.76067,2.25,6.34
2011.01.18 10:09:06.096,0.76012,0.76062,2.33,2.33
2011.01.18 10:09:06.205,0.76012,0.76062,2.89,2.70
2011.01.18 10:09:06.577,0.76011,0.76063,2.33,2.40
2011.01.18 10:09:06.685,0.76011,0.76063,2.70,6.15
2011.01.18 10:09:07.459,0.76012,0.76062,2.70,2.70
2011.01.18 10:09:08.055,0.76019,0.76066,2.63,6.63
2011.01.18 10:09:08.475,0.76011,0.76063,2.52,6.15
2011.01.18 10:09:08.946,0.76011,0.76063,5.97,2.40
2011.01.18 10:09:09.369,0.76018,0.76067,2.63,6.15
2011.01.18 10:09:09.747,0.76023,0.76072,2.63,6.15
2011.01.18 10:09:10.694,0.76023,0.76071,2.89,2.88
2011.01.18 10:09:11.856,0.76023,0.76071,2.97,2.88
2011.01.18 10:09:12.656,0.76023,0.76071,2.89,2.88
2011.01.18 10:09:18.296,0.76019,0.76066,2.70,6.27
2011.01.18 10:09:18.405,0.76019,0.76066,2.63,6.34
2011.01.18 10:09:18.516,0.76038,0.76086,2.63,6.63
2011.01.18 10:09:20.746,0.76038,0.76086,2.78,6.63
2011.01.18 10:09:21.688,0.76038,0.76086,2.63,6.63
2011.01.18 10:09:22.926,0.76038,0.76087,2.78,1.09
2011.01.18 10:09:23.037,0.76038,0.76089,2.78,2.74
2011.01.18 10:09:24.570,0.76038,0.76089,2.78,2.74
2011.01.18 10:09:33.379,0.76046,0.76093,2.63,6.49
2011.01.18 10:09:34.282,0.76046,0.76093,2.63,6.45
2011.01.18 10:09:34.593,0.76038,0.76093,2.89,8.33
2011.01.18 10:09:35.990,0.76045,0.76093,2.63,1.15
2011.01.18 10:09:37.930,0.76045,0.76093,2.70,1.19
2011.01.18 10:09:39.076,0.76045,0.76093,2.63,1.19
2011.01.18 10:09:39.405,0.76038,0.76093,6.27,8.40
2011.01.18 10:09:39.687,0.76038,0.76083,2.70,1.02
2011.01.18 10:09:40.386,0.7603,0.76079,3.64,1.32
2011.01.18 10:09:40.785,0.7603,0.76079,3.64,2.59
2011.01.18 10:09:41.598,0.7603,0.76079,8.22,1.39
2011.01.18 10:09:42.037,0.76034,0.76081,1.32,2.59
2011.01.18 10:09:42.695,0.76036,0.76081,2.89,1.39
2011.01.18 10:09:42.805,0.76036,0.76077,2.33,1.39
2011.01.18 10:09:43.787,0.7603,0.76077,2.59,2.52
2011.01.18 10:09:46.031,0.7603,0.76077,2.52,2.70
2011.01.18 10:09:49.275,0.76042,0.76083,1.32,6.08
2011.01.18 10:09:49.386,0.76042,0.76087,1.39,1.47
2011.01.18 10:09:49.838,0.76042,0.76087,1.39,1.32
2011.01.18 10:09:50.314,0.76039,0.76092,6.27,3.64
2011.01.18 10:09:50.805,0.76039,0.76092,6.63,8.22
2011.01.18 10:09:53.868,0.76039,0.76088,2.63,2.97
2011.01.18 10:09:56.009,0.76039,0.76084,2.63,1.15
2011.01.18 10:09:56.469,0.76039,0.76085,2.70,6.27
2011.01.18 10:09:58.723,0.76039,0.76084,2.63,1.15
2011.01.18 10:10:01.508,0.76039,0.76084,2.63,1.15
2011.01.18 10:10:02.873,0.76039,0.76085,2.70,6.63
2011.01.18 10:10:03.758,0.76039,0.76085,2.63,6.63
2011.01.18 10:10:09.092,0.76039,0.76084,2.63,2.52
2011.01.18 10:10:09.206,0.76035,0.76081,2.33,2.82
2011.01.18 10:10:09.547,0.76039,0.76084,2.25,2.52
2011.01.18 10:10:09.768,0.76034,0.76082,2.70,2.82
2011.01.18 10:10:09.986,0.76034,0.76082,6.34,2.78
2011.01.18 10:10:12.626,0.76039,0.76085,2.63,6.49
2011.01.18 10:10:13.007,0.76041,0.7609,2.63,6.34
2011.01.18 10:10:13.387,0.76041,0.76087,2.63,1.05
2011.01.18 10:10:13.496,0.76041,0.76084,2.25,1.15
2011.01.18 10:10:13.604,0.76038,0.76084,2.78,1.15
2011.01.18 10:10:15.748,0.76038,0.76086,2.63,6.63
2011.01.18 10:10:18.672,0.76038,0.76086,2.78,6.34
2011.01.18 10:10:18.785,0.76038,0.76086,2.97,2.78
2011.01.18 10:10:19.704,0.76042,0.76089,2.70,6.45
2011.01.18 10:10:20.399,0.76042,0.76089,2.70,6.34
2011.01.18 10:10:20.505,0.76042,0.76089,2.97,2.78
2011.01.18 10:10:22.686,0.76046,0.76092,2.63,1.19
2011.01.18 10:10:23.065,0.76042,0.76089,2.63,6.34
2011.01.18 10:10:25.705,0.76042,0.76087,2.70,1.19
2011.01.18 10:10:26.907,0.76042,0.76089,2.78,6.34
2011.01.18 10:10:27.947,0.76042,0.76089,2.70,6.34
2011.01.18 10:10:31.677,0.76042,0.76088,2.70,1.19
2011.01.18 10:10:37.929,0.76042,0.76089,2.78,6.34
2011.01.18 10:10:40.789,0.76039,0.76085,6.34,2.78
2011.01.18 10:10:42.617,0.76042,0.76089,2.40,6.49
2011.01.18 10:10:42.834,0.76038,0.76084,2.63,1.15
2011.01.18 10:10:45.649,0.76038,0.76086,2.63,6.49
2011.01.18 10:10:45.765,0.76038,0.76086,2.89,2.70
2011.01.18 10:10:46.687,0.76041,0.7609,2.70,6.34
2011.01.18 10:10:47.169,0.76041,0.76088,2.63,1.19
2011.01.18 10:10:47.276,0.76041,0.76087,2.25,1.19
2011.01.18 10:10:47.397,0.76038,0.76086,2.70,6.63
2011.01.18 10:10:51.423,0.76038,0.76086,2.63,6.49
2011.01.18 10:10:51.535,0.76034,0.7608,2.25,2.97
2011.01.18 10:10:52.287,0.76034,0.7608,2.44,2.97
2011.01.18 10:10:52.687,0.76034,0.7608,2.52,6.63
2011.01.18 10:10:53.728,0.76034,0.7608,2.44,6.63
2011.01.18 10:10:58.488,0.76039,0.76081,2.25,2.88
2011.01.18 10:10:58.599,0.76039,0.76085,2.25,6.63
2011.01.18 10:10:59.423,0.76039,0.76084,2.25,1.15
2011.01.18 10:11:02.774,0.76039,0.76084,2.25,1.15
2011.01.18 10:11:04.689,0.76039,0.76085,2.33,6.63
2011.01.18 10:11:05.702,0.76039,0.76085,2.25,6.63
2011.01.18 10:11:44.119,0.76033,0.76081,2.63,2.97
2011.01.18 10:11:44.732,0.76033,0.76081,2.82,3.72
2011.01.18 10:11:44.857,0.76033,0.76078,2.44,1.09
2011.01.18 10:11:45.209,0.76013,0.76062,2.89,2.82
2011.01.18 10:11:45.320,0.76013,0.76068,3.19,1.09
2011.01.18 10:11:45.537,0.76013,0.76071,2.40,2.59
2011.01.18 10:11:46.810,0.76013,0.76071,2.25,2.59
2011.01.18 10:11:47.036,0.76015,0.76076,2.40,6.12
2011.01.18 10:11:49.910,0.76015,0.76076,2.33,6.15
2011.01.18 10:12:00.664,0.76012,0.76072,2.59,2.59
2011.01.18 10:12:02.663,0.76016,0.76075,2.25,6.15
2011.01.18 10:12:03.925,0.76013,0.76071,2.33,2.59
2011.01.18 10:12:07.917,0.76013,0.76071,2.33,2.52
2011.01.18 10:12:10.729,0.76016,0.76075,2.25,6.15
2011.01.18 10:12:12.816,0.76016,0.76075,2.40,6.49
2011.01.18 10:12:13.276,0.76013,0.76071,2.40,2.74
2011.01.18 10:12:34.978,0.76013,0.76071,2.40,2.59
2011.01.18 10:12:49.759,0.76016,0.76075,2.40,2.40
2011.01.18 10:12:49.939,0.76016,0.76075,2.40,2.55
2011.01.18 10:13:00.163,0.76012,0.76072,2.55,2.70
2011.01.18 10:13:00.947,0.76012,0.76072,2.55,2.55
2011.01.18 10:13:05.147,0.76012,0.76072,6.68,2.40
2011.01.18 10:13:05.629,0.76021,0.76072,2.25,2.48
2011.01.18 10:13:05.737,0.76013,0.76071,2.40,2.40
2011.01.18 10:13:06.108,0.76021,0.76072,2.33,2.33
2011.01.18 10:13:07.018,0.76012,0.76072,7.99,2.70
2011.01.18 10:13:07.513,0.7602,0.76073,2.40,2.55
2011.01.18 10:13:07.819,0.7602,0.76073,2.25,5.85
2011.01.18 10:13:08.217,0.76013,0.76071,2.40,2.74
2011.01.18 10:13:08.514,0.76021,0.76072,2.25,6.12
2011.01.18 10:13:08.624,0.76021,0.76072,2.33,2.52
2011.01.18 10:13:09.173,0.76021,0.76072,2.25,5.97
2011.01.18 10:13:09.285,0.76013,0.76071,2.33,2.59
2011.01.18 10:13:09.396,0.76013,0.76071,6.34,2.52
2011.01.18 10:13:09.946,0.76024,0.76077,2.25,2.59
2011.01.18 10:13:10.056,0.7602,0.76073,2.40,2.55
2011.01.18 10:13:11.368,0.76021,0.76072,2.25,2.48
2011.01.18 10:13:11.585,0.76013,0.76071,2.59,5.97
2011.01.18 10:13:11.805,0.7602,0.76073,2.33,2.59
2011.01.18 10:13:12.516,0.76013,0.76071,2.59,2.74
2011.01.18 10:13:13.025,0.76021,0.76072,2.40,2.55
2011.01.18 10:13:14.367,0.76021,0.76072,2.40,2.40
2011.01.18 10:13:18.655,0.76021,0.76072,2.40,2.40
2011.01.18 10:13:18.986,0.76024,0.76077,2.25,7.15
2011.01.18 10:13:19.886,0.7602,0.76073,2.59,2.55
2011.01.18 10:13:24.187,0.76028,0.76081,2.33,2.59
2011.01.18 10:13:24.419,0.76028,0.76081,2.59,2.25
2011.01.18 10:13:24.526,0.76037,0.76087,2.25,2.78
2011.01.18 10:13:25.037,0.76037,0.76087,2.25,2.40
2011.01.18 10:13:25.607,0.76038,0.76091,2.25,1.28
2011.01.18 10:13:25.721,0.76036,0.76088,2.33,2.33
2011.01.18 10:13:25.825,0.76036,0.76088,2.25,2.40
2011.01.18 10:13:26.317,0.76036,0.76088,2.33,2.40
2011.01.18 10:13:27.941,0.76036,0.76088,2.40,2.55
2011.01.18 10:13:28.717,0.76036,0.76088,2.25,2.55
2011.01.18 10:13:29.475,0.76036,0.76088,2.40,2.40
2011.01.18 10:13:51.787,0.76034,0.76081,2.70,2.70
2011.01.18 10:13:53.029,0.76034,0.76081,2.70,6.15
2011.01.18 10:13:53.850,0.76036,0.76088,5.97,5.97
2011.01.18 10:14:00.326,0.76036,0.76088,2.33,2.48
2011.01.18 10:14:00.434,0.76036,0.76088,2.40,2.40
2011.01.18 10:14:09.661,0.76036,0.76088,2.40,2.40
2011.01.18 10:14:10.214,0.76037,0.76087,2.40,2.25
2011.01.18 10:14:10.743,0.76038,0.76094,2.25,7.05
2011.01.18 10:14:11.158,0.76038,0.76094,2.25,7.43
2011.01.18 10:14:11.264,0.76029,0.76093,3.34,6.49
2011.01.18 10:14:11.743,0.76029,0.76093,7.84,6.15
2011.01.18 10:14:13.407,0.76029,0.76093,3.27,6.15
2011.01.18 10:14:13.708,0.76029,0.76089,2.52,2.22
2011.01.18 10:14:14.735,0.76028,0.76087,2.59,6.15
2011.01.18 10:14:17.447,0.76028,0.76087,6.63,5.97
2011.01.18 10:14:17.663,0.76037,0.76087,2.33,2.40
2011.01.18 10:14:18.650,0.76037,0.76087,2.40,2.40
2011.01.18 10:14:22.003,0.76037,0.76087,2.33,2.70
2011.01.18 10:14:22.223,0.7603,0.76087,6.45,2.59
2011.01.18 10:14:22.553,0.76038,0.76094,2.44,6.78
2011.01.18 10:14:23.106,0.76036,0.76088,5.97,2.33
2011.01.18 10:14:24.664,0.76036,0.76088,5.97,2.40
2011.01.18 10:14:31.514,0.76036,0.76088,2.40,2.40
2011.01.18 10:14:31.623,0.76041,0.76091,2.25,2.59
2011.01.18 10:14:32.004,0.76041,0.76091,2.52,2.33
2011.01.18 10:14:32.814,0.76044,0.76096,2.25,2.40
2011.01.18 10:14:33.745,0.76044,0.76096,2.25,2.40
2011.01.18 10:14:35.735,0.76044,0.76096,2.40,2.40
2011.01.18 10:14:58.724,0.76041,0.76091,6.12,2.25
2011.01.18 10:14:58.836,0.76041,0.76091,2.52,2.33
2011.01.18 10:14:59.676,0.76029,0.76088,2.74,2.78
2011.01.18 10:14:59.784,0.76029,0.76088,5.97,2.78
2011.01.18 10:15:01.677,0.76029,0.76088,6.45,2.78
2011.01.18 10:15:02.063,0.76036,0.76091,6.34,2.70
2011.01.18 10:15:02.173,0.76036,0.76091,6.34,2.33
2011.01.18 10:15:02.284,0.76037,0.76091,1.43,2.25
2011.01.18 10:15:02.394,0.76039,0.76098,2.52,6.45
2011.01.18 10:15:03.605,0.76046,0.76098,2.25,2.59
2011.01.18 10:15:03.936,0.76046,0.76098,2.89,2.40
2011.01.18 10:15:04.216,0.76046,0.76098,6.34,2.33
2011.01.18 10:15:04.326,0.76054,0.76105,2.25,2.40
2011.01.18 10:15:05.678,0.76054,0.76105,2.33,2.33
2011.01.18 10:15:06.781,0.76054,0.76105,2.25,2.40
2011.01.18 10:15:08.735,0.76054,0.76105,2.40,2.40
2011.01.18 10:15:21.156,0.76054,0.76105,2.25,2.40
2011.01.18 10:15:21.266,0.76054,0.76105,2.25,2.97
2011.01.18 10:15:22.256,0.76052,0.76099,2.78,2.63
2011.01.18 10:15:22.755,0.76052,0.76099,2.78,2.78
2011.01.18 10:15:23.685,0.76052,0.76099,2.70,2.78
2011.01.18 10:15:23.842,0.76052,0.76099,2.33,6.15
2011.01.18 10:15:24.285,0.76041,0.76088,2.89,2.52
2011.01.18 10:15:24.395,0.76041,0.76088,2.44,2.59
2011.01.18 10:15:24.505,0.76041,0.76083,2.25,1.32
2011.01.18 10:15:24.615,0.76036,0.76083,6.34,1.32
2011.01.18 10:15:25.938,0.76036,0.76083,6.34,1.39
2011.01.18 10:15:26.690,0.76036,0.76083,6.27,2.59
2011.01.18 10:15:28.688,0.76036,0.76083,2.97,1.47
2011.01.18 10:15:28.892,0.76037,0.76083,1.28,1.32
2011.01.18 10:15:29.006,0.76043,0.76085,1.02,2.25
2011.01.18 10:15:29.115,0.76045,0.76094,2.44,2.22
2011.01.18 10:15:29.225,0.76045,0.76094,2.52,1.02
2011.01.18 10:15:30.098,0.76045,0.76095,2.33,2.52
2011.01.18 10:15:30.706,0.76045,0.76095,2.33,5.97
2011.01.18 10:15:41.117,0.76045,0.76095,2.40,2.52
2011.01.18 10:15:41.656,0.76051,0.761,2.70,2.78
2011.01.18 10:15:41.766,0.76051,0.761,2.33,2.33
2011.01.18 10:15:42.096,0.76053,0.76106,2.40,2.40
2011.01.18 10:15:42.365,0.76053,0.76103,2.40,1.09
2011.01.18 10:15:42.953,0.76044,0.76096,2.55,2.25
2011.01.18 10:15:43.688,0.76044,0.76096,2.40,2.33
2011.01.18 10:15:50.195,0.76044,0.76096,2.55,2.25
2011.01.18 10:15:50.306,0.76051,0.76104,2.40,2.59
2011.01.18 10:15:50.796,0.76048,0.76099,2.33,2.33
2011.01.18 10:15:52.551,0.76051,0.76104,2.40,2.59
2011.01.18 10:15:52.694,0.76051,0.76104,2.25,2.74
2011.01.18 10:15:53.097,0.76051,0.76104,2.40,2.59
2011.01.18 10:15:53.730,0.76045,0.76102,2.59,2.78
2011.01.18 10:15:54.765,0.76045,0.76102,2.59,2.78
2011.01.18 10:15:56.404,0.76045,0.76102,2.74,2.78
2011.01.18 10:16:00.329,0.76044,0.76096,2.40,2.25
2011.01.18 10:16:00.849,0.76044,0.76096,2.33,2.33
2011.01.18 10:16:01.998,0.76044,0.76096,2.40,2.33
2011.01.18 10:16:05.246,0.76047,0.761,2.33,5.97
2011.01.18 10:16:06.695,0.76047,0.761,2.40,5.97
2011.01.18 10:16:08.538,0.76047,0.761,2.74,2.25
2011.01.18 10:16:08.645,0.76052,0.76103,2.40,2.40
2011.01.18 10:16:11.026,0.76044,0.76103,2.74,2.78
2011.01.18 10:16:11.464,0.76042,0.76092,2.22,2.25
2011.01.18 10:16:11.686,0.7604,0.76092,2.40,2.25
2011.01.18 10:16:12.554,0.76045,0.76095,2.25,2.97
2011.01.18 10:16:12.858,0.7604,0.76092,2.40,2.25
2011.01.18 10:16:13.546,0.76045,0.76095,2.25,2.59
2011.01.18 10:16:13.899,0.76045,0.76095,2.33,2.52
2011.01.18 10:16:14.406,0.76045,0.76095,2.59,2.25
2011.01.18 10:16:14.515,0.76045,0.76095,2.52,2.33
2011.01.18 10:16:15.678,0.76045,0.76095,2.52,2.40
2011.01.18 10:16:21.725,0.76045,0.76095,2.59,2.33
2011.01.18 10:16:31.397,0.76053,0.76106,2.40,2.40
2011.01.18 10:16:31.510,0.76053,0.76106,2.40,2.40
2011.01.18 10:16:32.229,0.76054,0.76105,2.25,2.40
2011.01.18 10:16:32.954,0.76046,0.76104,6.30,2.59
2011.01.18 10:16:33.838,0.76054,0.76105,2.25,2.40
2011.01.18 10:16:33.945,0.76054,0.76105,2.33,2.40
2011.01.18 10:16:34.217,0.76054,0.76105,2.25,2.78
2011.01.18 10:16:34.552,0.76044,0.76096,2.40,2.44
2011.01.18 10:16:35.827,0.76044,0.76096,2.40,2.44
2011.01.18 10:16:35.936,0.76044,0.76096,2.40,2.82
2011.01.18 10:16:36.328,0.76037,0.76087,2.40,2.25
2011.01.18 10:16:36.996,0.76037,0.76094,2.59,1.28
2011.01.18 10:16:37.629,0.76037,0.76095,2.59,2.89
2011.01.18 10:16:37.917,0.76037,0.76095,6.63,2.89
2011.01.18 10:16:38.423,0.76044,0.76099,2.40,2.44
2011.01.18 10:16:38.539,0.76047,0.76104,2.59,2.97
2011.01.18 10:16:38.672,0.76047,0.76104,2.40,2.97
2011.01.18 10:16:39.007,0.76047,0.76104,2.40,6.90
2011.01.18 10:16:39.738,0.76047,0.76104,2.40,7.09
2011.01.18 10:16:39.956,0.76038,0.76104,6.51,6.90
2011.01.18 10:16:40.396,0.76047,0.76104,2.40,7.26
2011.01.18 10:16:40.715,0.76047,0.76104,2.40,6.90
2011.01.18 10:16:40.898,0.76047,0.76104,2.40,7.20
2011.01.18 10:16:41.315,0.76044,0.76103,1.43,3.12
2011.01.18 10:16:42.378,0.76047,0.76104,2.40,3.12
2011.01.18 10:16:42.487,0.76047,0.76103,2.40,1.02
2011.01.18 10:16:43.067,0.76039,0.76094,2.59,2.78
2011.01.18 10:16:43.728,0.76045,0.76098,2.44,2.93
2011.01.18 10:16:43.835,0.76037,0.76095,2.74,2.97
2011.01.18 10:16:45.015,0.76037,0.76095,2.67,6.34
2011.01.18 10:16:45.348,0.76045,0.76098,2.78,3.12
2011.01.18 10:16:46.006,0.76045,0.76098,2.25,3.12
2011.01.18 10:16:46.362,0.76037,0.76095,2.74,6.34
2011.01.18 10:16:46.696,0.7604,0.76095,2.59,6.63
2011.01.18 10:16:46.807,0.76045,0.76098,2.97,6.34
2011.01.18 10:16:47.445,0.7604,0.76094,2.37,2.59
2011.01.18 10:16:47.555,0.76038,0.76094,6.12,2.59
2011.01.18 10:16:48.037,0.76045,0.76094,2.78,1.47
2011.01.18 10:16:48.149,0.76037,0.76094,6.49,1.09
2011.01.18 10:16:48.256,0.76041,0.76095,2.37,2.97
2011.01.18 10:16:48.367,0.76045,0.76098,6.34,6.72
2011.01.18 10:16:48.935,0.76045,0.76098,2.59,3.12
2011.01.18 10:16:49.048,0.76038,0.76094,6.12,3.72
2011.01.18 10:16:49.539,0.76045,0.76098,6.34,6.72
2011.01.18 10:16:49.875,0.76045,0.76097,6.27,1.19
2011.01.18 10:16:50.255,0.76045,0.76094,2.25,2.37
2011.01.18 10:16:50.365,0.76038,0.76094,2.59,7.99
2011.01.18 10:16:50.752,0.76045,0.76098,6.34,6.72
2011.01.18 10:16:51.334,0.76045,0.76095,2.63,2.70
2011.01.18 10:16:51.449,0.76044,0.76091,2.25,2.89
2011.01.18 10:16:52.036,0.76043,0.76092,2.70,6.45
2011.01.18 10:16:53.716,0.76044,0.7609,2.25,1.28
2011.01.18 10:16:53.824,0.76036,0.76088,2.59,2.59
2011.01.18 10:17:04.789,0.76036,0.76088,5.85,2.33
2011.01.18 10:17:06.785,0.76037,0.76097,6.27,2.74
2011.01.18 10:17:07.618,0.76046,0.76098,2.40,2.40
2011.01.18 10:17:07.779,0.76046,0.76098,2.40,2.59
2011.01.18 10:17:07.995,0.76038,0.76096,6.87,2.25
2011.01.18 10:17:08.338,0.76053,0.76102,2.63,2.70
2011.01.18 10:17:09.636,0.76053,0.76102,2.70,2.70
2011.01.18 10:17:20.959,0.76053,0.761,2.78,1.47
2011.01.18 10:17:21.069,0.76046,0.761,6.78,2.59
2011.01.18 10:17:23.479,0.76046,0.761,6.81,2.70
2011.01.18 10:17:25.531,0.76046,0.761,6.63,2.70
2011.01.18 10:17:26.345,0.76045,0.76094,6.63,2.70
2011.01.18 10:17:26.459,0.76048,0.76095,2.63,2.63
2011.01.18 10:17:26.566,0.76048,0.76095,3.27,2.25
2011.01.18 10:17:26.676,0.7605,0.76103,2.44,3.19
2011.01.18 10:17:26.946,0.76057,0.76104,2.25,1.32
2011.01.18 10:17:27.167,0.76043,0.761,2.40,1.32
2011.01.18 10:17:27.721,0.76043,0.76102,2.59,3.64
2011.01.18 10:17:28.156,0.76043,0.761,2.25,1.32
2011.01.18 10:17:28.518,0.76043,0.76102,2.48,2.89
2011.01.18 10:17:29.279,0.76043,0.761,2.48,1.32
2011.01.18 10:17:29.498,0.76035,0.76098,6.49,1.32
2011.01.18 10:17:29.960,0.76041,0.76095,2.40,2.82
2011.01.18 10:17:30.066,0.76041,0.76095,2.78,2.82
2011.01.18 10:17:30.286,0.76034,0.76091,2.59,3.57
2011.01.18 10:17:31.226,0.76034,0.76091,5.97,3.57
2011.01.18 10:17:31.867,0.76041,0.76092,2.33,2.52
2011.01.18 10:17:33.771,0.76041,0.76092,2.55,2.44
2011.01.18 10:17:34.126,0.76034,0.76091,2.55,6.34
2011.01.18 10:17:34.238,0.76034,0.76091,6.49,2.78
2011.01.18 10:17:34.648,0.76042,0.76094,2.97,2.63
2011.01.18 10:17:34.755,0.76042,0.76094,2.59,2.25
2011.01.18 10:17:34.866,0.76042,0.76094,2.40,2.44
2011.01.18 10:17:35.087,0.7604,0.761,2.22,2.44
2011.01.18 10:17:35.460,0.76044,0.761,2.33,1.39
2011.01.18 10:17:35.787,0.76044,0.76101,2.40,2.89
2011.01.18 10:17:36.180,0.76037,0.761,1.19,1.39
2011.01.18 10:17:36.287,0.76041,0.76101,1.35,6.27
2011.01.18 10:17:36.615,0.76043,0.76098,2.40,1.02
2011.01.18 10:17:37.786,0.76044,0.76101,2.33,2.89
2011.01.18 10:17:38.007,0.76044,0.76099,2.40,1.09
2011.01.18 10:17:38.517,0.76043,0.76098,2.40,1.02
2011.01.18 10:17:38.628,0.76036,0.761,2.40,2.89
2011.01.18 10:17:38.981,0.76044,0.76101,2.40,6.90
2011.01.18 10:17:39.670,0.7604,0.76098,1.17,1.09
2011.01.18 10:17:39.780,0.76044,0.761,2.33,1.28
2011.01.18 10:17:40.266,0.76044,0.76101,2.40,6.34
2011.01.18 10:17:40.775,0.76044,0.76101,2.33,6.27
2011.01.18 10:17:40.886,0.76044,0.76099,2.33,1.02
2011.01.18 10:17:41.296,0.76033,0.76092,6.08,2.82
2011.01.18 10:17:41.405,0.76033,0.76092,2.70,2.97
2011.01.18 10:17:42.611,0.76033,0.76092,2.55,2.82
2011.01.18 10:17:43.579,0.76032,0.76085,2.93,2.82
2011.01.18 10:17:44.450,0.76032,0.76085,6.34,6.27
2011.01.18 10:17:45.498,0.76032,0.76085,6.34,6.34
2011.01.18 10:17:47.719,0.76032,0.76085,6.15,6.34
2011.01.18 10:17:48.429,0.76032,0.76085,2.78,6.34
2011.01.18 10:17:48.535,0.76038,0.76086,2.78,2.97
2011.01.18 10:17:49.690,0.76038,0.76086,2.97,2.97
2011.01.18 10:17:49.806,0.76038,0.76086,2.97,2.97
2011.01.18 10:17:49.915,0.76038,0.76091,6.34,2.59
2011.01.18 10:17:53.686,0.76038,0.76091,6.63,2.70
2011.01.18 10:17:56.056,0.76038,0.76091,6.63,2.52
2011.01.18 10:17:56.276,0.76038,0.76091,6.63,1.32
2011.01.18 10:17:56.649,0.76048,0.76093,2.63,1.47
2011.01.18 10:17:56.756,0.76048,0.76093,2.25,1.47
2011.01.18 10:17:58.369,0.76042,0.76093,2.55,1.32
2011.01.18 10:17:58.588,0.76032,0.76085,6.34,3.57
2011.01.18 10:17:58.806,0.76036,0.76085,2.70,2.25
2011.01.18 10:17:59.375,0.76042,0.76093,2.70,2.52
2011.01.18 10:17:59.757,0.76042,0.76093,2.93,1.47
2011.01.18 10:18:00.899,0.76042,0.76085,2.33,1.32
2011.01.18 10:18:02.987,0.76034,0.76082,1.28,1.39
2011.01.18 10:18:03.815,0.76034,0.76082,1.28,1.39
2011.01.18 10:18:04.652,0.76033,0.76082,1.19,1.02
2011.01.18 10:18:05.008,0.76041,0.76093,2.89,2.70
2011.01.18 10:18:05.226,0.76041,0.76093,6.63,2.52
2011.01.18 10:18:05.447,0.76041,0.76089,2.70,1.39
2011.01.18 10:18:06.005,0.76034,0.76091,2.59,2.89
2011.01.18 10:18:06.905,0.76034,0.76091,2.74,2.97
2011.01.18 10:18:07.546,0.76034,0.76089,2.93,2.59
2011.01.18 10:18:07.855,0.76034,0.76087,2.78,1.09
2011.01.18 10:18:08.661,0.76032,0.76085,6.34,6.34
2011.01.18 10:18:09.024,0.76032,0.76085,2.93,2.82
2011.01.18 10:18:09.188,0.76032,0.76085,2.93,2.82
2011.01.18 10:18:10.907,0.76038,0.76086,2.85,2.89
2011.01.18 10:18:12.124,0.76038,0.76086,2.70,6.63
2011.01.18 10:18:14.410,0.76038,0.76086,2.78,2.97
2011.01.18 10:18:14.527,0.76038,0.76084,2.40,2.59
2011.01.18 10:18:14.996,0.76034,0.7608,2.89,2.63
2011.01.18 10:18:15.107,0.76034,0.7608,6.63,2.63
2011.01.18 10:18:15.216,0.76038,0.76091,2.82,2.59
2011.01.18 10:18:15.696,0.76038,0.76091,2.89,2.70
2011.01.18 10:18:18.494,0.76039,0.76091,1.15,2.59
2011.01.18 10:18:28.398,0.76038,0.76091,6.81,2.70
2011.01.18 10:18:28.900,0.76045,0.76094,2.78,6.34
2011.01.18 10:18:32.726,0.76045,0.76094,6.15,6.45
2011.01.18 10:18:33.248,0.76045,0.76094,2.70,6.45
2011.01.18 10:18:33.576,0.76039,0.76091,6.63,2.52
2011.01.18 10:18:34.528,0.76039,0.76092,5.97,2.52
2011.01.18 10:18:34.746,0.76039,0.76092,6.30,3.57
2011.01.18 10:18:35.679,0.76039,0.76092,2.78,8.14
2011.01.18 10:18:38.406,0.76039,0.76092,6.15,3.72
2011.01.18 10:18:41.745,0.76039,0.76092,6.15,8.40
2011.01.18 10:18:42.716,0.76039,0.76092,6.15,3.72
2011.01.18 10:19:06.500,0.76039,0.76085,2.78,2.82
2011.01.18 10:19:06.606,0.76039,0.76085,2.70,2.89
2011.01.18 10:19:06.958,0.76033,0.76086,1.09,2.82
2011.01.18 10:19:08.688,0.76034,0.76086,1.28,6.27
2011.01.18 10:19:13.475,0.76031,0.76086,6.45,2.97
2011.01.18 10:19:13.767,0.76031,0.76078,2.40,2.82
2011.01.18 10:19:14.138,0.76035,0.76084,2.70,2.82
2011.01.18 10:19:14.246,0.76035,0.76084,6.15,2.82
2011.01.18 10:19:14.526,0.76035,0.76084,2.40,2.44
2011.01.18 10:19:14.637,0.7604,0.76088,2.63,2.82
2011.01.18 10:19:14.746,0.76033,0.76084,2.59,2.44
2011.01.18 10:19:15.132,0.76033,0.76084,2.97,2.63
2011.01.18 10:19:15.250,0.7604,0.76088,2.33,2.89
2011.01.18 10:19:15.358,0.76032,0.76085,6.33,2.44
2011.01.18 10:19:15.938,0.76033,0.76084,2.40,2.52
2011.01.18 10:19:16.047,0.7604,0.76088,2.70,6.27
2011.01.18 10:19:16.452,0.7604,0.76088,2.33,2.89
2011.01.18 10:19:16.560,0.76033,0.76085,2.70,2.63
2011.01.18 10:19:16.885,0.76033,0.76085,1.09,2.25
2011.01.18 10:19:16.997,0.76033,0.76085,2.59,2.63
2011.01.18 10:19:17.377,0.76033,0.76084,2.59,2.52
2011.01.18 10:19:17.487,0.76033,0.76084,8.74,2.63
2011.01.18 10:19:17.826,0.76033,0.76084,2.33,2.52
2011.01.18 10:19:18.109,0.7604,0.76088,2.25,2.97
2011.01.18 10:19:18.545,0.76032,0.76085,2.59,2.33
2011.01.18 10:19:18.918,0.76033,0.76092,6.63,6.27
2011.01.18 10:19:19.632,0.76042,0.76094,2.33,6.45
2011.01.18 10:19:19.750,0.76033,0.76091,2.59,1.28
2011.01.18 10:19:19.899,0.76033,0.76092,2.67,6.45
2011.01.18 10:19:20.415,0.76034,0.76091,2.40,2.89
2011.01.18 10:19:20.526,0.76034,0.76091,6.15,6.27
2011.01.18 10:19:20.976,0.76041,0.76095,6.15,8.22
2011.01.18 10:19:21.646,0.76034,0.76091,6.63,6.34
2011.01.18 10:19:22.027,0.76041,0.76095,6.63,8.33
2011.01.18 10:19:22.516,0.76041,0.76089,2.33,1.09
2011.01.18 10:19:22.950,0.76035,0.76091,2.40,2.89
2011.01.18 10:19:23.987,0.76042,0.76094,2.78,8.33
2011.01.18 10:19:24.698,0.76038,0.76092,1.19,2.78
2011.01.18 10:19:24.806,0.76034,0.76092,2.59,2.78
2011.01.18 10:19:25.176,0.76041,0.76093,2.25,1.19
2011.01.18 10:19:25.507,0.76041,0.76092,2.70,2.52
2011.01.18 10:19:26.225,0.76041,0.7609,2.70,2.52
2011.01.18 10:19:26.345,0.76033,0.7609,5.97,3.15
2011.01.18 10:19:26.456,0.76033,0.7609,6.81,1.39
2011.01.18 10:19:26.567,0.76041,0.76094,2.70,2.59
2011.01.18 10:19:26.677,0.76041,0.76091,2.33,1.28
2011.01.18 10:19:27.043,0.76035,0.76092,2.70,6.45
2011.01.18 10:19:27.379,0.76033,0.7609,5.97,1.02
2011.01.18 10:19:27.487,0.76033,0.7609,6.63,2.52
2011.01.18 10:19:27.595,0.76042,0.76093,2.70,1.47
2011.01.18 10:19:28.341,0.76042,0.76093,2.70,2.78
2011.01.18 10:19:28.596,0.76033,0.7609,5.97,3.15
2011.01.18 10:19:28.706,0.76033,0.7609,6.33,1.39
2011.01.18 10:19:28.816,0.76041,0.76094,6.15,2.70
2011.01.18 10:19:29.741,0.76041,0.76094,6.34,2.70
2011.01.18 10:19:29.967,0.76041,0.76094,2.33,2.78
2011.01.18 10:19:30.569,0.76042,0.76094,2.78,6.34
2011.01.18 10:19:31.154,0.76042,0.76093,2.70,1.19
2011.01.18 10:19:31.375,0.76034,0.76091,5.97,6.90
2011.01.18 10:19:33.976,0.76041,0.76092,2.33,3.27
2011.01.18 10:19:34.420,0.76038,0.76086,2.78,2.63
2011.01.18 10:19:34.636,0.76038,0.76086,2.78,2.63
2011.01.18 10:19:35.757,0.76038,0.76092,3.12,1.09
2011.01.18 10:19:37.587,0.76038,0.76087,2.70,1.39
2011.01.18 10:19:37.948,0.76033,0.76084,3.79,1.32
2011.01.18 10:19:38.057,0.76039,0.7609,2.89,1.39
2011.01.18 10:19:38.709,0.76039,0.7609,2.89,2.70
2011.01.18 10:19:40.805,0.76039,0.76092,2.78,8.40
2011.01.18 10:19:41.149,0.76039,0.76092,2.70,8.33
2011.01.18 10:19:42.694,0.76039,0.76092,6.15,8.33
2011.01.18 10:19:42.995,0.76039,0.76092,2.33,8.40
2011.01.18 10:19:44.343,0.76034,0.76084,6.34,2.70
2011.01.18 10:19:45.706,0.76034,0.76084,6.34,2.52
2011.01.18 10:19:45.938,0.76034,0.76084,2.97,2.59
2011.01.18 10:19:47.229,0.76029,0.76078,2.97,1.47
2011.01.18 10:19:47.675,0.76029,0.76078,2.89,1.47
2011.01.18 10:19:48.107,0.76035,0.76079,2.44,2.70
2011.01.18 10:19:48.220,0.76035,0.76079,6.34,1.32
2011.01.18 10:19:50.817,0.76035,0.76079,2.59,1.32
2011.01.18 10:19:51.085,0.76035,0.76075,2.25,1.32
2011.01.18 10:19:51.197,0.76032,0.76075,2.52,1.39
2011.01.18 10:19:51.894,0.76026,0.76072,2.97,1.39
2011.01.18 10:19:53.496,0.76028,0.76081,2.40,3.27
2011.01.18 10:19:54.077,0.76033,0.76081,1.39,2.25
2011.01.18 10:19:54.610,0.76038,0.7609,2.52,1.02
2011.01.18 10:19:54.715,0.76038,0.76091,2.33,2.52
2011.01.18 10:19:54.825,0.76038,0.76091,2.33,3.27
2011.01.18 10:19:55.045,0.76032,0.76089,1.47,2.33
2011.01.18 10:19:55.996,0.7603,0.76089,5.85,2.52
2011.01.18 10:19:56.178,0.7603,0.76089,6.15,2.52
2011.01.18 10:19:56.568,0.7603,0.76089,6.33,3.27
2011.01.18 10:19:56.786,0.76038,0.76091,2.33,2.33
2011.01.18 10:19:58.686,0.76039,0.7609,2.25,2.40
2011.01.18 10:19:58.796,0.76029,0.7609,2.40,5.97
2011.01.18 10:19:58.927,0.76029,0.7609,5.85,2.52
2011.01.18 10:19:59.036,0.76038,0.76091,2.40,2.52
2011.01.18 10:20:02.916,0.76039,0.7609,2.25,2.52
2011.01.18 10:20:03.135,0.76028,0.76085,2.22,2.25
2011.01.18 10:20:03.486,0.76034,0.76087,2.52,2.25
2011.01.18 10:20:03.596,0.76028,0.76085,2.22,2.25
2011.01.18 10:20:04.386,0.76035,0.76086,2.33,2.25
2011.01.18 10:20:04.674,0.76028,0.76085,2.40,2.33
2011.01.18 10:20:04.896,0.76034,0.76087,2.52,2.25
2011.01.18 10:20:05.420,0.76035,0.76086,2.33,2.25
2011.01.18 10:20:05.747,0.76029,0.76085,1.28,2.33
2011.01.18 10:20:06.186,0.76027,0.76085,1.19,2.40
2011.01.18 10:20:06.628,0.76026,0.76085,6.33,2.33
2011.01.18 10:20:06.736,0.76027,0.76085,1.19,2.40
2011.01.18 10:20:07.912,0.76028,0.76086,2.22,2.33
2011.01.18 10:20:08.137,0.76034,0.76087,2.52,2.48
2011.01.18 10:20:08.355,0.76028,0.76085,3.15,2.33
2011.01.18 10:20:08.466,0.76028,0.76085,3.15,2.40
2011.01.18 10:20:08.686,0.76034,0.76087,2.52,2.40
2011.01.18 10:20:08.907,0.76028,0.76085,2.40,2.40
2011.01.18 10:20:09.294,0.76035,0.76086,2.33,2.33
2011.01.18 10:20:09.408,0.76028,0.76085,2.40,2.40
2011.01.18 10:20:09.736,0.76034,0.76087,2.33,2.40
2011.01.18 10:20:09.846,0.76025,0.76086,6.33,2.40
2011.01.18 10:20:10.286,0.76026,0.76085,6.33,2.33
2011.01.18 10:20:10.395,0.76026,0.76085,6.81,2.40
2011.01.18 10:20:10.863,0.76035,0.76086,2.33,2.33
2011.01.18 10:20:10.976,0.76035,0.76086,2.33,2.40
2011.01.18 10:20:11.196,0.76035,0.76086,2.33,2.33
2011.01.18 10:20:11.416,0.76026,0.76085,6.33,2.40
2011.01.18 10:20:11.636,0.76034,0.76087,2.33,2.33
2011.01.18 10:20:11.856,0.76025,0.76086,6.33,2.40
2011.01.18 10:20:12.514,0.76034,0.76087,2.33,2.52
2011.01.18 10:20:12.629,0.76034,0.76087,2.33,2.40
2011.01.18 10:20:12.737,0.76027,0.76085,2.40,2.33
2011.01.18 10:20:13.036,0.76029,0.76085,1.28,2.40
2011.01.18 10:20:13.255,0.76034,0.76087,2.33,2.33
2011.01.18 10:20:13.475,0.76027,0.76086,2.78,2.40
2011.01.18 10:20:14.055,0.76034,0.76087,2.33,2.40
2011.01.18 10:20:14.892,0.76034,0.76087,2.33,2.33
2011.01.18 10:20:15.131,0.76034,0.76087,2.33,2.40
2011.01.18 10:20:15.669,0.76034,0.76087,2.33,2.33
2011.01.18 10:20:15.778,0.76026,0.76086,1.19,2.40
2011.01.18 10:20:16.670,0.76035,0.76086,2.40,2.33
2011.01.18 10:20:17.197,0.76035,0.76086,2.33,2.33
2011.01.18 10:20:17.416,0.76028,0.76086,2.22,2.40
2011.01.18 10:20:18.317,0.76028,0.76086,2.40,2.33
2011.01.18 10:20:18.537,0.76035,0.76086,2.33,2.40
2011.01.18 10:20:19.546,0.76035,0.76086,2.33,2.33
2011.01.18 10:20:19.657,0.76035,0.76086,2.33,2.40
2011.01.18 10:20:21.069,0.76034,0.76087,2.52,2.48
2011.01.18 10:20:21.176,0.76034,0.76087,2.52,2.33
2011.01.18 10:20:21.420,0.76028,0.76086,2.22,2.40
2011.01.18 10:20:21.889,0.76035,0.76086,2.33,6.53
2011.01.18 10:20:22.106,0.76023,0.7607,2.55,2.63
2011.01.18 10:20:22.327,0.76023,0.7607,2.25,2.63
2011.01.18 10:20:22.549,0.76025,0.76086,2.59,2.40
2011.01.18 10:20:22.829,0.76034,0.76087,2.25,2.40
2011.01.18 10:20:23.217,0.76025,0.76086,5.97,2.40
2011.01.18 10:20:23.545,0.76026,0.76085,6.55,2.40
2011.01.18 10:20:23.887,0.76035,0.76086,2.55,2.25
2011.01.18 10:20:24.107,0.76047,0.76094,2.25,2.40
2011.01.18 10:20:24.470,0.76052,0.76099,2.25,2.59
2011.01.18 10:20:24.796,0.76044,0.76097,2.55,2.40
2011.01.18 10:20:25.016,0.76044,0.76097,2.55,2.55
2011.01.18 10:20:26.676,0.76044,0.76097,2.33,2.33
2011.01.18 10:20:26.787,0.76046,0.76097,2.52,2.70
2011.01.18 10:20:27.898,0.76052,0.76099,2.78,6.15
2011.01.18 10:20:28.663,0.76052,0.76099,2.78,2.70
2011.01.18 10:20:28.776,0.76057,0.76099,1.39,2.70
2011.01.18 10:20:29.686,0.76057,0.76104,8.22,6.63
2011.01.18 10:20:31.632,0.76057,0.76104,3.72,6.78
2011.01.18 10:20:31.747,0.76052,0.761,2.74,2.97
2011.01.18 10:20:31.888,0.76052,0.761,1.39,6.27
2011.01.18 10:20:31.996,0.76049,0.76094,1.02,3.57
2011.01.18 10:20:33.679,0.76049,0.76094,1.39,3.57
2011.01.18 10:20:33.787,0.76052,0.76094,1.39,2.63
2011.01.18 10:20:34.056,0.76051,0.76097,2.89,1.47
2011.01.18 10:20:34.510,0.76045,0.76093,6.34,2.59
2011.01.18 10:20:35.291,0.76045,0.76088,2.78,1.32
2011.01.18 10:20:35.677,0.76042,0.76088,1.47,2.89
2011.01.18 10:20:36.038,0.76045,0.76087,2.25,1.32
2011.01.18 10:20:36.145,0.76036,0.76087,8.33,1.32
2011.01.18 10:20:36.256,0.76036,0.76081,2.40,1.32
2011.01.18 10:20:36.629,0.76029,0.76076,2.89,3.57
2011.01.18 10:20:36.846,0.76034,0.76081,2.82,3.57
2011.01.18 10:20:37.498,0.76036,0.76081,1.09,2.25
2011.01.18 10:20:37.606,0.76038,0.76095,2.44,1.09
2011.01.18 10:20:37.718,0.76036,0.76088,3.27,2.33
2011.01.18 10:20:37.828,0.76036,0.76088,2.52,2.52
2011.01.18 10:20:37.936,0.76036,0.76088,2.59,2.52
2011.01.18 10:20:38.269,0.76036,0.76088,2.40,2.52
2011.01.18 10:20:38.816,0.76036,0.76088,2.33,2.44
2011.01.18 10:20:38.926,0.7604,0.76092,2.25,2.59
2011.01.18 10:20:39.185,0.76037,0.76087,2.33,2.33
2011.01.18 10:20:40.158,0.76037,0.76087,2.70,2.70
2011.01.18 10:20:40.568,0.76044,0.76091,2.63,6.27
2011.01.18 10:20:41.739,0.76044,0.76091,2.70,2.89
2011.01.18 10:20:43.467,0.76044,0.76091,8.14,2.70
2011.01.18 10:20:43.578,0.76049,0.76096,2.63,2.97
2011.01.18 10:20:44.628,0.76049,0.76096,6.15,6.27
2011.01.18 10:20:45.957,0.76049,0.76096,2.70,6.27
2011.01.18 10:20:46.378,0.76049,0.76096,2.33,6.27
2011.01.18 10:20:46.486,0.76049,0.76088,2.25,1.32
2011.01.18 10:20:47.007,0.76043,0.76088,6.72,1.32
2011.01.18 10:20:47.675,0.76045,0.76088,1.28,1.39
2011.01.18 10:20:48.186,0.76043,0.76085,6.15,1.32
2011.01.18 10:20:48.299,0.76039,0.76083,2.97,1.32
2011.01.18 10:20:49.112,0.7604,0.76083,1.28,1.39
2011.01.18 10:20:50.100,0.76039,0.76083,2.89,1.39
2011.01.18 10:20:50.488,0.76039,0.76086,8.22,2.82
2011.01.18 10:20:51.701,0.76043,0.7609,2.82,6.45
2011.01.18 10:20:52.591,0.76043,0.76086,2.63,2.52
2011.01.18 10:20:53.161,0.76038,0.76085,3.12,2.82
2011.01.18 10:20:55.779,0.76038,0.76085,2.78,6.27
2011.01.18 10:20:57.401,0.76038,0.76085,6.15,2.89
2011.01.18 10:20:58.051,0.76041,0.76088,2.93,2.59
2011.01.18 10:21:00.135,0.76041,0.76088,6.15,1.47
2011.01.18 10:21:01.670,0.76041,0.76088,2.78,2.52
2011.01.18 10:21:03.739,0.76037,0.76084,2.85,2.82
2011.01.18 10:21:04.066,0.76036,0.76085,6.63,6.27
2011.01.18 10:21:04.453,0.76036,0.76085,6.42,3.57
2011.01.18 10:21:04.557,0.76041,0.7609,2.97,6.27
2011.01.18 10:21:06.030,0.76041,0.7609,6.15,6.63
2011.01.18 10:21:07.692,0.76041,0.7609,2.78,2.89
2011.01.18 10:21:08.134,0.76041,0.7609,2.63,6.63
2011.01.18 10:21:08.246,0.76041,0.76082,2.25,1.39
2011.01.18 10:21:08.466,0.76032,0.76079,6.34,2.44
2011.01.18 10:21:08.576,0.76033,0.76079,2.70,2.25
2011.01.18 10:21:08.686,0.76041,0.7609,2.70,2.89
2011.01.18 10:21:10.665,0.76041,0.7609,2.78,6.63
2011.01.18 10:21:11.672,0.76041,0.7609,6.15,2.89
2011.01.18 10:21:14.226,0.76041,0.7609,2.78,6.34
2011.01.18 10:21:14.827,0.76041,0.7609,2.70,6.63
2011.01.18 10:21:15.321,0.76041,0.7609,6.15,2.97
2011.01.18 10:21:16.719,0.76041,0.76088,2.33,1.47
2011.01.18 10:21:16.827,0.76037,0.76084,2.78,2.89
2011.01.18 10:21:16.936,0.76038,0.76084,1.19,2.63
2011.01.18 10:21:17.458,0.76042,0.76089,2.78,6.63
2011.01.18 10:21:19.633,0.76042,0.76089,2.78,6.27
2011.01.18 10:21:21.218,0.76042,0.76082,2.40,1.39
2011.01.18 10:21:21.326,0.76042,0.76082,2.25,1.32
2011.01.18 10:21:21.436,0.76031,0.7608,6.30,2.82
2011.01.18 10:21:22.187,0.76041,0.76089,2.89,2.52
2011.01.18 10:21:23.368,0.76041,0.7609,6.15,6.34
2011.01.18 10:21:23.736,0.76041,0.76087,2.40,2.52
2011.01.18 10:21:23.955,0.76036,0.76085,6.15,2.89
2011.01.18 10:21:24.694,0.76036,0.76085,2.78,6.45
2011.01.18 10:21:25.710,0.76036,0.76085,6.15,2.89
2011.01.18 10:21:31.136,0.76036,0.76085,6.23,2.82
2011.01.18 10:21:31.246,0.76036,0.76085,6.23,2.82
2011.01.18 10:21:31.355,0.76042,0.76089,2.78,3.64
2011.01.18 10:21:31.576,0.76045,0.76095,2.52,2.52
2011.01.18 10:21:34.688,0.76045,0.76095,2.97,2.97
2011.01.18 10:21:35.017,0.76052,0.76096,2.63,1.32
2011.01.18 10:21:35.380,0.76042,0.76089,3.12,3.57
2011.01.18 10:21:36.408,0.76042,0.76089,6.72,3.19
2011.01.18 10:21:36.701,0.7605,0.76089,1.32,2.25
2011.01.18 10:21:36.819,0.76052,0.76096,2.82,1.32
2011.01.18 10:21:37.658,0.76052,0.76096,2.97,2.52
2011.01.18 10:21:38.438,0.76052,0.76099,2.78,6.34
2011.01.18 10:21:38.986,0.76045,0.76095,2.33,5.97
2011.01.18 10:21:40.778,0.76045,0.76095,2.40,2.33
2011.01.18 10:21:42.427,0.76045,0.76095,2.25,2.40
2011.01.18 10:21:42.537,0.76031,0.7608,6.15,2.82
2011.01.18 10:21:43.927,0.76031,0.76079,6.34,1.39
2011.01.18 10:21:44.146,0.76042,0.7609,1.02,2.52
2011.01.18 10:21:44.560,0.76045,0.76093,2.44,1.02
2011.01.18 10:21:44.777,0.76037,0.76087,2.52,1.02
2011.01.18 10:21:44.996,0.76036,0.76088,2.33,2.52
2011.01.18 10:21:45.456,0.76036,0.76088,2.40,2.52
2011.01.18 10:21:46.777,0.76036,0.76088,2.55,2.44
2011.01.18 10:21:48.948,0.76038,0.76093,2.40,1.09
2011.01.18 10:21:51.776,0.76038,0.76093,2.40,1.47
2011.01.18 10:21:53.795,0.76036,0.76088,2.40,2.59
2011.01.18 10:21:54.852,0.76036,0.76088,2.40,2.74
2011.01.18 10:21:55.377,0.76036,0.76088,2.33,2.59
2011.01.18 10:21:55.718,0.76036,0.76088,2.40,2.59
2011.01.18 10:22:05.147,0.76043,0.76092,2.25,6.34
2011.01.18 10:22:05.478,0.76043,0.76085,2.25,1.32
2011.01.18 10:22:05.586,0.76033,0.76082,2.93,2.82
2011.01.18 10:22:06.137,0.76043,0.76085,2.25,1.32
2011.01.18 10:22:06.248,0.76043,0.76092,2.78,2.97
2011.01.18 10:22:06.668,0.76043,0.76092,2.78,2.82
2011.01.18 10:22:06.926,0.76043,0.76092,2.78,2.97
2011.01.18 10:22:07.038,0.76036,0.76088,2.55,2.44
2011.01.18 10:22:07.469,0.76036,0.76088,2.40,2.59
2011.01.18 10:22:10.864,0.76036,0.76088,2.25,2.67
2011.01.18 10:22:10.978,0.76036,0.76078,2.25,1.39
2011.01.18 10:22:11.087,0.76024,0.76071,2.70,2.63
2011.01.18 10:22:12.537,0.7603,0.76071,2.52,2.25
2011.01.18 10:22:12.645,0.76034,0.76081,2.82,3.64
2011.01.18 10:22:12.936,0.76034,0.76081,2.52,2.25
2011.01.18 10:22:13.420,0.76037,0.76087,2.59,2.59
2011.01.18 10:22:14.738,0.76037,0.76087,2.55,2.25
2011.01.18 10:22:17.266,0.76037,0.76087,6.34,2.63
2011.01.18 10:22:18.108,0.76044,0.76091,2.63,6.63
2011.01.18 10:22:18.956,0.76044,0.76088,2.25,1.02
2011.01.18 10:22:19.176,0.76023,0.76072,6.34,2.44
2011.01.18 10:22:19.286,0.76036,0.76072,1.09,2.25
2011.01.18 10:22:19.395,0.76036,0.76088,3.34,3.34
2011.01.18 10:22:19.948,0.76036,0.76088,7.99,3.34
2011.01.18 10:22:20.636,0.76036,0.76086,7.84,1.02
2011.01.18 10:22:21.195,0.76036,0.76083,2.40,2.52
2011.01.18 10:22:21.308,0.76028,0.76077,6.15,2.63
2011.01.18 10:22:22.539,0.76041,0.76077,1.32,2.25
2011.01.18 10:22:22.647,0.76044,0.76091,2.82,3.57
2011.01.18 10:22:22.757,0.76048,0.76097,2.82,8.59
2011.01.18 10:22:23.085,0.76037,0.76087,5.97,3.27
2011.01.18 10:22:23.627,0.76037,0.76087,2.74,3.19
2011.01.18 10:22:23.739,0.76037,0.76087,2.55,2.44
2011.01.18 10:22:24.644,0.76037,0.76087,2.93,2.82
2011.01.18 10:22:25.316,0.76043,0.76092,2.63,2.63
2011.01.18 10:22:26.893,0.76048,0.76097,2.89,6.27
2011.01.18 10:22:27.741,0.76048,0.76097,3.12,3.12
2011.01.18 10:22:30.726,0.76057,0.76098,2.40,1.32
2011.01.18 10:22:30.836,0.76057,0.76107,2.40,2.74
2011.01.18 10:22:31.056,0.76058,0.76107,2.63,3.12
2011.01.18 10:22:32.717,0.76058,0.76107,6.63,2.89
2011.01.18 10:22:33.460,0.76058,0.76104,2.59,1.02
2011.01.18 10:22:33.679,0.76044,0.76091,2.97,2.82
2011.01.18 10:22:34.654,0.76044,0.76091,2.97,2.82
2011.01.18 10:22:36.637,0.76044,0.76091,2.89,6.27
2011.01.18 10:22:39.416,0.76044,0.76091,2.97,2.82
2011.01.18 10:22:39.526,0.76053,0.76091,1.39,2.25
2011.01.18 10:22:39.635,0.76053,0.76101,3.64,2.52
2011.01.18 10:22:40.253,0.76053,0.76102,2.63,2.82
2011.01.18 10:22:40.756,0.76053,0.76102,2.70,6.27
2011.01.18 10:22:42.125,0.76053,0.76102,6.34,2.89
2011.01.18 10:22:42.236,0.76059,0.76106,2.70,2.89
2011.01.18 10:22:43.939,0.76064,0.76109,2.89,2.52
2011.01.18 10:22:44.466,0.76064,0.7611,6.27,1.32
2011.01.18 10:22:44.576,0.76068,0.76117,2.63,6.27
2011.01.18 10:22:45.562,0.76068,0.76117,2.78,6.45
2011.01.18 10:22:45.789,0.76068,0.76117,3.72,2.78
2011.01.18 10:22:45.899,0.76069,0.76121,6.34,2.52
2011.01.18 10:22:46.280,0.76069,0.76116,2.89,1.32
2011.01.18 10:22:46.978,0.76069,0.76116,7.05,3.57
2011.01.18 10:22:47.355,0.76069,0.76116,2.82,8.22
2011.01.18 10:22:47.465,0.76069,0.76116,2.44,9.15
2011.01.18 10:22:47.686,0.76057,0.76105,1.15,3.57
2011.01.18 10:22:47.797,0.7606,0.76109,6.49,3.57
2011.01.18 10:22:49.780,0.7606,0.76109,6.34,8.14
2011.01.18 10:22:52.773,0.7606,0.76109,6.34,8.22
2011.01.18 10:22:54.419,0.76061,0.76109,1.64,3.57
2011.01.18 10:22:54.526,0.76065,0.76112,6.34,1.39
2011.01.18 10:22:54.642,0.76065,0.76112,2.97,1.32
2011.01.18 10:22:54.757,0.76071,0.76117,2.82,1.47
2011.01.18 10:22:56.736,0.76071,0.76117,2.97,1.39
2011.01.18 10:22:59.699,0.76071,0.76117,7.05,1.47
2011.01.18 10:23:19.129,0.76071,0.76117,2.82,1.62
2011.01.18 10:23:19.237,0.76059,0.76109,3.34,3.19
2011.01.18 10:23:20.188,0.76059,0.76109,2.33,2.44
2011.01.18 10:23:20.767,0.76059,0.76109,2.25,6.34
2011.01.18 10:23:21.698,0.76056,0.76103,2.78,2.70
2011.01.18 10:23:22.634,0.76056,0.76103,2.70,2.78
2011.01.18 10:23:27.427,0.76056,0.76103,2.93,2.78
2011.01.18 10:23:29.930,0.76056,0.76103,2.78,2.93
2011.01.18 10:23:32.193,0.76056,0.76103,2.93,2.78
2011.01.18 10:23:34.227,0.76056,0.76103,2.78,2.93
2011.01.18 10:23:40.401,0.76056,0.76103,6.15,2.63
2011.01.18 10:23:40.518,0.76065,0.76114,2.63,6.63
2011.01.18 10:23:40.736,0.76059,0.76109,2.59,2.40
2011.01.18 10:23:41.239,0.76055,0.76104,2.78,2.63
2011.01.18 10:23:45.663,0.76055,0.76104,2.70,6.15
2011.01.18 10:23:49.208,0.76055,0.76104,6.15,2.70
2011.01.18 10:23:49.316,0.76059,0.76109,2.33,5.97
2011.01.18 10:23:49.426,0.76059,0.76109,3.08,5.97
2011.01.18 10:23:49.536,0.76076,0.76123,2.63,6.72
2011.01.18 10:23:49.955,0.7608,0.76127,2.25,2.78
2011.01.18 10:23:50.070,0.7608,0.76129,2.63,6.15
2011.01.18 10:23:50.288,0.76068,0.7612,2.40,2.33
2011.01.18 10:23:50.396,0.76068,0.7612,2.78,2.70
2011.01.18 10:23:50.669,0.76075,0.76124,2.25,2.70
2011.01.18 10:23:50.776,0.76069,0.76118,1.02,1.02
2011.01.18 10:23:51.220,0.76068,0.76113,1.09,2.82
2011.01.18 10:23:51.328,0.76066,0.76112,2.97,1.32
2011.01.18 10:23:51.944,0.76066,0.76113,2.40,2.82
2011.01.18 10:23:52.056,0.7606,0.76109,1.02,2.33
2011.01.18 10:23:52.860,0.76059,0.76109,2.33,2.33
2011.01.18 10:23:53.957,0.76059,0.76109,2.33,2.40
2011.01.18 10:23:57.909,0.76059,0.76109,2.55,2.25
2011.01.18 10:23:58.936,0.76066,0.76113,2.78,2.97
2011.01.18 10:23:59.727,0.76066,0.76113,2.78,2.78
2011.01.18 10:24:00.610,0.76066,0.76113,2.70,6.15
2011.01.18 10:24:01.009,0.76058,0.7611,2.89,2.89
2011.01.18 10:24:01.116,0.76058,0.7611,2.52,2.52
2011.01.18 10:24:01.226,0.76058,0.76107,2.25,1.32
2011.01.18 10:24:01.900,0.76055,0.76104,2.78,2.82
2011.01.18 10:24:02.707,0.76055,0.76104,6.15,2.89
2011.01.18 10:24:03.337,0.76055,0.76104,2.70,6.45
2011.01.18 10:24:03.559,0.76055,0.76104,2.93,2.82
2011.01.18 10:24:03.667,0.76055,0.76104,2.55,2.44
2011.01.18 10:24:03.776,0.76055,0.76104,2.74,2.25
2011.01.18 10:24:03.886,0.76058,0.7611,2.74,2.59
2011.01.18 10:24:06.228,0.76058,0.76109,2.25,2.74
2011.01.18 10:24:06.777,0.76055,0.76105,2.40,2.59
2011.01.18 10:24:08.656,0.76055,0.76105,2.55,2.44
2011.01.18 10:24:09.026,0.76052,0.76099,2.55,2.25
2011.01.18 10:24:09.396,0.76052,0.76099,2.93,2.63
2011.01.18 10:24:11.917,0.76052,0.76099,2.78,6.15
2011.01.18 10:24:20.379,0.76054,0.76106,5.97,2.52
2011.01.18 10:24:20.487,0.76054,0.76106,2.52,2.52
2011.01.18 10:24:20.706,0.76054,0.76106,6.27,2.89
2011.01.18 10:24:21.089,0.76065,0.76115,2.44,2.59
2011.01.18 10:24:21.196,0.76065,0.76115,2.52,2.59
2011.01.18 10:24:21.610,0.76065,0.76115,2.44,2.59
2011.01.18 10:24:21.719,0.76062,0.76109,2.70,2.70
2011.01.18 10:24:22.825,0.76062,0.76109,2.78,6.15
2011.01.18 10:24:32.749,0.76054,0.76106,2.74,3.34
2011.01.18 10:24:34.119,0.76054,0.76106,2.40,2.52
2011.01.18 10:24:38.237,0.76061,0.7611,2.70,6.34
2011.01.18 10:24:39.398,0.76061,0.7611,2.70,6.34
2011.01.18 10:24:39.506,0.76061,0.7611,6.30,6.34
2011.01.18 10:24:41.428,0.76066,0.76113,2.78,2.97
2011.01.18 10:24:41.536,0.76069,0.76118,2.63,6.72
2011.01.18 10:24:41.896,0.76065,0.76114,2.89,6.15
2011.01.18 10:24:46.915,0.76065,0.76111,2.70,2.52
2011.01.18 10:24:47.333,0.76065,0.76111,2.25,1.09
2011.01.18 10:24:47.560,0.76058,0.7611,2.59,2.59
2011.01.18 10:25:02.170,0.76058,0.7611,2.59,2.40
2011.01.18 10:25:02.280,0.76065,0.76114,2.70,2.78
2011.01.18 10:25:03.723,0.76065,0.76114,6.15,2.78
2011.01.18 10:25:04.758,0.76065,0.76114,2.70,6.15
2011.01.18 10:25:08.415,0.76065,0.76114,6.15,2.63
2011.01.18 10:25:08.527,0.76076,0.76121,2.63,2.52
2011.01.18 10:25:08.860,0.76076,0.76123,2.63,6.34
2011.01.18 10:25:08.967,0.76068,0.7612,2.89,2.44
2011.01.18 10:25:09.077,0.7608,0.76129,2.63,6.49
2011.01.18 10:25:10.646,0.7608,0.76127,2.89,1.47
2011.01.18 10:25:11.709,0.7608,0.76127,2.97,1.39
2011.01.18 10:25:12.399,0.7608,0.76127,2.82,3.12
2011.01.18 10:25:12.619,0.76068,0.7612,2.74,3.19
2011.01.18 10:25:12.729,0.76068,0.7612,2.55,2.44
2011.01.18 10:25:13.978,0.76068,0.7612,2.33,5.97
2011.01.18 10:25:20.666,0.76068,0.7612,2.40,2.52
2011.01.18 10:25:22.036,0.76068,0.7612,2.33,5.97
2011.01.18 10:25:45.286,0.76069,0.7612,1.28,2.25
2011.01.18 10:25:45.396,0.76076,0.76127,2.33,2.52
2011.01.18 10:25:45.906,0.76076,0.76127,2.78,2.74
2011.01.18 10:25:46.017,0.76076,0.76127,8.14,2.25
2011.01.18 10:25:46.575,0.76089,0.7613,2.25,2.59
2011.01.18 10:25:46.690,0.76083,0.76125,2.25,1.02
2011.01.18 10:25:46.992,0.76076,0.76125,2.52,1.02
2011.01.18 10:25:48.390,0.76076,0.76127,2.40,2.44
2011.01.18 10:25:48.496,0.76076,0.76127,2.59,2.25
2011.01.18 10:25:48.827,0.76076,0.76132,2.33,2.70
2011.01.18 10:25:49.252,0.76075,0.76128,2.40,2.52
2011.01.18 10:25:49.757,0.76075,0.76127,2.40,1.09
2011.01.18 10:25:50.795,0.76073,0.76122,6.15,2.82
2011.01.18 10:25:51.877,0.76073,0.76122,6.34,6.45
2011.01.18 10:25:54.687,0.76073,0.76122,2.70,6.27
2011.01.18 10:25:55.416,0.76073,0.76122,2.33,6.27
2011.01.18 10:25:55.529,0.76067,0.7612,2.93,6.34
2011.01.18 10:25:55.739,0.76067,0.7612,2.93,6.34
2011.01.18 10:25:56.678,0.76073,0.76121,6.34,2.52
2011.01.18 10:25:57.266,0.76073,0.76122,2.59,2.33
2011.01.18 10:25:57.817,0.76075,0.76128,2.89,6.81
2011.01.18 10:25:58.977,0.7607,0.76123,6.27,6.45
2011.01.18 10:25:59.429,0.7607,0.76122,2.93,1.32
2011.01.18 10:25:59.538,0.76072,0.76118,2.70,2.82
2011.01.18 10:26:01.691,0.76072,0.76118,2.70,6.45
2011.01.18 10:26:02.017,0.76072,0.76118,2.59,2.25
2011.01.18 10:26:02.247,0.76074,0.76125,2.33,2.52
2011.01.18 10:26:03.447,0.76074,0.76125,2.33,2.52
2011.01.18 10:26:03.730,0.76074,0.76125,2.40,2.52
2011.01.18 10:26:04.689,0.76074,0.76125,2.33,2.59
2011.01.18 10:26:09.903,0.76074,0.76125,2.40,2.52
2011.01.18 10:26:11.819,0.76074,0.76125,2.33,2.59
2011.01.18 10:26:12.147,0.76071,0.76119,2.78,2.82
2011.01.18 10:26:12.258,0.76071,0.76119,2.40,2.52
2011.01.18 10:26:27.285,0.76074,0.76125,2.40,2.52
2011.01.18 10:26:27.816,0.76081,0.76128,2.78,2.78
2011.01.18 10:26:28.410,0.76081,0.76128,2.78,2.70
2011.01.18 10:26:28.517,0.76085,0.76134,2.70,6.34
2011.01.18 10:26:28.754,0.7609,0.76137,2.25,2.78
2011.01.18 10:26:28.870,0.7609,0.76139,2.63,6.34
2011.01.18 10:26:29.731,0.7609,0.76139,2.70,6.34
2011.01.18 10:26:30.879,0.7609,0.76139,2.78,6.49
2011.01.18 10:26:31.688,0.7609,0.76139,2.78,6.34
2011.01.18 10:26:32.669,0.7609,0.76139,6.15,6.34
2011.01.18 10:26:33.826,0.7609,0.76139,2.70,6.34
2011.01.18 10:26:41.746,0.7609,0.76139,2.93,6.34
2011.01.18 10:26:55.002,0.76083,0.76131,2.93,2.82
2011.01.18 10:26:55.117,0.76083,0.76131,2.93,2.82
2011.01.18 10:26:55.807,0.76076,0.7613,6.81,1.32
2011.01.18 10:26:57.698,0.76076,0.7613,6.81,2.52
2011.01.18 10:27:01.701,0.76076,0.7613,6.78,2.74
2011.01.18 10:27:04.645,0.76076,0.7613,6.63,2.70
2011.01.18 10:27:05.577,0.76076,0.7613,6.81,2.59
2011.01.18 10:27:06.424,0.76076,0.7613,6.63,2.70
2011.01.18 10:27:18.888,0.76076,0.76125,6.15,2.52
2011.01.18 10:27:19.001,0.76076,0.76125,2.78,2.59
2011.01.18 10:27:20.978,0.76076,0.76123,2.78,2.97
2011.01.18 10:27:27.223,0.76076,0.76123,2.78,6.45
2011.01.18 10:27:29.704,0.76076,0.76123,2.78,6.34
2011.01.18 10:27:29.819,0.76076,0.76123,6.34,2.78
2011.01.18 10:27:32.680,0.76077,0.76129,6.81,2.59
2011.01.18 10:27:34.688,0.76077,0.76129,2.97,2.70
2011.01.18 10:28:25.139,0.76079,0.76125,6.90,2.63
2011.01.18 10:28:25.581,0.76079,0.76114,2.25,1.32
2011.01.18 10:28:25.685,0.76066,0.76114,2.82,3.57
2011.01.18 10:28:26.247,0.76074,0.76123,2.44,1.09
2011.01.18 10:28:26.465,0.76072,0.76119,1.32,2.97
2011.01.18 10:28:26.866,0.76071,0.76118,2.82,1.47
2011.01.18 10:28:30.046,0.76071,0.76119,2.78,6.34
2011.01.18 10:28:33.649,0.76071,0.76119,2.70,6.34
2011.01.18 10:28:35.478,0.76071,0.76119,6.15,6.34
2011.01.18 10:28:38.418,0.7607,0.76116,2.70,2.82
2011.01.18 10:28:38.525,0.76065,0.76119,6.63,3.57
2011.01.18 10:28:38.634,0.76071,0.76122,1.39,1.39
2011.01.18 10:28:39.728,0.76071,0.76122,2.59,1.47
2011.01.18 10:28:42.417,0.7607,0.76123,2.82,6.45
2011.01.18 10:28:42.745,0.7607,0.76115,2.25,1.32
2011.01.18 10:28:42.856,0.76053,0.7611,2.48,2.33
2011.01.18 10:28:43.076,0.76046,0.7611,2.29,2.33
2011.01.18 10:28:43.295,0.7605,0.76105,6.34,2.63
2011.01.18 10:28:43.854,0.76052,0.76111,2.59,2.52
2011.01.18 10:28:43.965,0.76052,0.76111,2.59,2.59
2011.01.18 10:28:44.656,0.76052,0.76111,2.74,2.59
2011.01.18 10:28:44.766,0.76052,0.76108,6.33,1.39
2011.01.18 10:28:44.875,0.76051,0.76104,5.97,2.52
2011.01.18 10:28:44.985,0.76051,0.76104,6.15,2.33
2011.01.18 10:28:45.391,0.76052,0.76111,5.97,5.97
2011.01.18 10:28:46.322,0.76052,0.76111,2.74,2.59
2011.01.18 10:28:48.064,0.76052,0.76111,6.15,2.59
2011.01.18 10:28:48.389,0.76052,0.76111,6.81,6.34
2011.01.18 10:28:48.496,0.76052,0.76111,8.52,2.70
2011.01.18 10:28:48.626,0.76058,0.76111,1.19,2.70
2011.01.18 10:28:48.980,0.7606,0.76114,6.15,8.33
2011.01.18 10:28:51.195,0.76055,0.76107,6.34,2.52
2011.01.18 10:28:51.414,0.76054,0.76103,2.97,2.97
2011.01.18 10:28:51.525,0.76056,0.76103,2.59,2.97
2011.01.18 10:28:52.694,0.7606,0.76105,1.28,1.39
2011.01.18 10:28:53.379,0.76056,0.76102,6.34,1.02
2011.01.18 10:28:53.486,0.76056,0.76101,2.78,1.32
2011.01.18 10:28:53.595,0.76056,0.76102,2.40,1.32
2011.01.18 10:28:53.707,0.7605,0.76098,2.52,1.02
2011.01.18 10:28:54.426,0.76042,0.76101,2.48,8.14
2011.01.18 10:28:54.774,0.76042,0.76101,7.09,2.89
2011.01.18 10:28:54.889,0.76049,0.76102,2.40,2.59
2011.01.18 10:28:55.716,0.76049,0.76102,2.33,2.52
2011.01.18 10:28:56.402,0.76049,0.76102,2.40,2.44
2011.01.18 10:28:57.025,0.76047,0.76096,2.55,2.25
2011.01.18 10:28:57.439,0.76047,0.76096,2.78,2.63
2011.01.18 10:28:57.752,0.76047,0.76096,6.34,2.63
2011.01.18 10:28:58.987,0.76047,0.76096,6.34,2.70
2011.01.18 10:29:00.646,0.76047,0.76096,6.34,6.27
2011.01.18 10:29:02.671,0.76047,0.76096,2.78,6.27
2011.01.18 10:29:07.107,0.76047,0.76096,6.30,2.82
2011.01.18 10:29:08.664,0.76047,0.76096,6.34,6.27
2011.01.18 10:29:09.665,0.76047,0.76096,2.78,6.27
2011.01.18 10:29:10.159,0.76047,0.76096,6.53,2.63
2011.01.18 10:29:10.378,0.76048,0.76095,2.93,2.82
2011.01.18 10:29:10.960,0.76048,0.76095,2.78,2.97
2011.01.18 10:29:11.777,0.76048,0.76095,2.59,2.25
2011.01.18 10:29:11.886,0.76049,0.76102,2.52,2.59
2011.01.18 10:29:12.758,0.76049,0.76102,6.12,2.25
2011.01.18 10:29:22.635,0.76049,0.76102,2.55,2.44
2011.01.18 10:29:22.747,0.76048,0.76095,2.40,2.25
2011.01.18 10:29:22.859,0.76048,0.76095,2.78,2.63
2011.01.18 10:29:24.757,0.76048,0.76095,6.34,2.70
2011.01.18 10:29:25.839,0.76048,0.76095,2.70,2.70
2011.01.18 10:29:26.059,0.76048,0.76095,6.27,2.70
2011.01.18 10:29:26.387,0.76047,0.76096,6.68,2.82
2011.01.18 10:29:26.498,0.76047,0.76096,6.81,2.63
2011.01.18 10:29:27.718,0.76051,0.76101,1.19,2.89
2011.01.18 10:29:28.611,0.76049,0.76101,6.63,6.63
2011.01.18 10:29:29.527,0.76047,0.76096,6.34,6.27
2011.01.18 10:29:35.699,0.7605,0.76101,1.19,6.27
2011.01.18 10:29:39.427,0.76049,0.76101,6.63,6.27
2011.01.18 10:29:47.786,0.7605,0.76101,1.19,6.27
2011.01.18 10:29:48.929,0.76049,0.76101,6.63,2.89
2011.01.18 10:29:50.420,0.7605,0.76101,1.19,2.89
2011.01.18 10:29:51.645,0.76049,0.76101,6.63,2.89
2011.01.18 10:29:57.037,0.76054,0.76106,2.97,2.97
2011.01.18 10:29:58.702,0.76054,0.76106,6.42,8.14
2011.01.18 10:29:59.839,0.76054,0.76106,6.34,3.64
2011.01.18 10:30:04.341,0.76054,0.76106,6.42,3.57
2011.01.18 10:30:04.717,0.76058,0.76109,8.40,2.52
2011.01.18 10:30:05.508,0.76058,0.76111,6.53,6.27
2011.01.18 10:30:05.793,0.7606,0.76111,1.19,6.27
2011.01.18 10:30:06.488,0.76058,0.76109,6.34,2.52
2011.01.18 10:30:06.600,0.76058,0.76104,6.15,2.89
2011.01.18 10:30:08.790,0.76058,0.76104,2.40,2.89
2011.01.18 10:30:08.900,0.76048,0.76095,2.48,2.44
2011.01.18 10:30:09.008,0.76049,0.76102,5.97,2.59
2011.01.18 10:30:09.117,0.76049,0.76102,2.59,2.44
2011.01.18 10:30:09.227,0.76049,0.761,2.78,1.32
2011.01.18 10:30:09.986,0.76052,0.76098,2.78,2.82
2011.01.18 10:30:11.126,0.76052,0.76098,6.15,2.82
2011.01.18 10:30:13.590,0.76052,0.76098,2.78,2.97
2011.01.18 10:30:14.797,0.76052,0.76098,6.34,2.89
2011.01.18 10:30:17.701,0.76053,0.76098,1.05,2.44
2011.01.18 10:30:17.807,0.76056,0.76102,6.30,2.97
2011.01.18 10:30:19.621,0.76056,0.76102,2.93,2.82
2011.01.18 10:30:20.000,0.7606,0.76107,2.78,2.82
2011.01.18 10:30:20.687,0.7606,0.76107,2.78,2.97
2011.01.18 10:30:21.457,0.76055,0.76103,6.78,2.97
2011.01.18 10:30:22.757,0.76055,0.76103,6.63,6.45
2011.01.18 10:30:23.755,0.76055,0.76103,6.63,2.89
2011.01.18 10:30:58.972,0.76055,0.76103,2.97,6.34
2011.01.18 10:30:59.469,0.76057,0.7611,2.59,2.52
2011.01.18 10:31:00.400,0.76057,0.7611,2.55,2.25
2011.01.18 10:31:00.508,0.76057,0.7611,2.93,2.82
2011.01.18 10:31:01.077,0.76064,0.76113,2.78,2.78
2011.01.18 10:31:01.780,0.76064,0.76113,2.78,6.15
2011.01.18 10:31:02.799,0.76064,0.76113,2.70,6.15
2011.01.18 10:31:06.078,0.76064,0.76112,2.33,1.47
2011.01.18 10:31:06.518,0.76058,0.76111,6.49,2.82
2011.01.18 10:31:06.915,0.76053,0.76102,6.15,2.82
2011.01.18 10:31:07.138,0.76054,0.76101,6.15,2.44
2011.01.18 10:31:07.248,0.76059,0.76101,1.15,2.25
2011.01.18 10:31:07.356,0.76059,0.76111,1.15,2.97
2011.01.18 10:31:07.467,0.76058,0.76111,6.81,6.27
2011.01.18 10:31:07.941,0.76058,0.76111,6.63,6.34
2011.01.18 10:31:08.487,0.76058,0.76111,6.34,2.97
2011.01.18 10:31:08.597,0.76054,0.76107,1.15,2.82
2011.01.18 10:31:09.387,0.76054,0.76107,1.15,2.82
2011.01.18 10:31:09.897,0.76053,0.76107,6.87,6.72
2011.01.18 10:31:10.008,0.76053,0.76107,8.37,2.82
2011.01.18 10:31:10.630,0.7606,0.76107,2.63,2.89
2011.01.18 10:31:10.846,0.76055,0.76103,2.89,2.89
2011.01.18 10:31:11.722,0.76055,0.76103,3.64,2.70
2011.01.18 10:31:12.033,0.76057,0.7611,2.52,5.97
2011.01.18 10:31:12.138,0.76057,0.7611,2.59,2.33
2011.01.18 10:31:13.676,0.76057,0.7611,6.33,2.33
2011.01.18 10:31:22.222,0.76065,0.76112,2.40,2.63
2011.01.18 10:31:22.449,0.76062,0.76108,2.33,2.70
2011.01.18 10:31:22.668,0.76057,0.76105,6.34,2.63
2011.01.18 10:31:22.887,0.76057,0.76105,6.30,2.63
2011.01.18 10:31:23.189,0.76054,0.76101,6.30,2.63
2011.01.18 10:31:23.298,0.76054,0.76101,6.30,2.25
2011.01.18 10:31:23.518,0.76057,0.76105,2.55,2.82
2011.01.18 10:31:23.627,0.76054,0.76101,2.70,2.63
2011.01.18 10:31:24.710,0.76054,0.76101,6.15,2.63
2011.01.18 10:31:26.531,0.76054,0.76101,2.78,2.63
2011.01.18 10:31:28.964,0.76054,0.76101,2.78,2.78
2011.01.18 10:31:37.519,0.76054,0.76101,6.34,2.25
2011.01.18 10:31:38.119,0.76058,0.76106,2.82,6.34
2011.01.18 10:31:39.743,0.76058,0.76106,6.81,2.89
2011.01.18 10:31:50.210,0.76074,0.7612,2.82,2.97
2011.01.18 10:31:50.429,0.76078,0.76122,2.63,1.02
2011.01.18 10:31:50.537,0.76078,0.76124,2.82,2.52
2011.01.18 10:31:51.686,0.76078,0.76124,6.27,1.39
2011.01.18 10:31:52.669,0.7608,0.76124,1.28,2.52
2011.01.18 10:31:54.726,0.7608,0.76125,1.28,6.27
2011.01.18 10:31:55.508,0.76078,0.76125,6.27,2.89
2011.01.18 10:31:56.093,0.7608,0.76125,1.28,6.27
2011.01.18 10:31:58.712,0.7608,0.76125,1.28,2.82
2011.01.18 10:31:59.049,0.76074,0.76122,6.49,2.82
2011.01.18 10:31:59.629,0.76074,0.76122,6.34,2.82
2011.01.18 10:31:59.737,0.76074,0.76122,2.89,2.82
2011.01.18 10:31:59.956,0.76078,0.76125,2.82,2.82
2011.01.18 10:32:00.697,0.76078,0.76125,2.97,2.82
2011.01.18 10:32:01.808,0.76078,0.76125,2.89,6.27
2011.01.18 10:32:02.675,0.76078,0.76125,2.82,6.34
2011.01.18 10:32:03.933,0.76078,0.76125,6.53,2.89
2011.01.18 10:32:29.679,0.76078,0.76123,2.48,1.39
2011.01.18 10:32:29.787,0.76078,0.76123,2.33,1.39
2011.01.18 10:32:30.007,0.76074,0.76118,2.33,1.02
2011.01.18 10:32:31.318,0.76065,0.76118,6.33,2.52
2011.01.18 10:32:31.670,0.76065,0.76118,5.97,2.59
2011.01.18 10:32:35.275,0.76065,0.76118,6.55,2.59
2011.01.18 10:32:36.651,0.76073,0.76121,6.15,2.70
2011.01.18 10:32:38.199,0.76073,0.76121,2.55,2.63
2011.01.18 10:32:38.547,0.76065,0.76114,6.30,2.82
2011.01.18 10:32:38.656,0.76065,0.76114,6.23,2.89
2011.01.18 10:32:38.766,0.7607,0.76116,2.78,2.89
2011.01.18 10:32:38.900,0.7607,0.76116,2.78,2.82
2011.01.18 10:32:39.007,0.76066,0.76113,2.93,2.82
2011.01.18 10:32:39.967,0.76066,0.76113,6.15,2.89
2011.01.18 10:32:43.699,0.76066,0.76113,2.78,6.63
2011.01.18 10:32:56.227,0.7607,0.76116,2.78,2.82
2011.01.18 10:32:57.417,0.7607,0.76116,6.15,2.89
2011.01.18 10:32:58.707,0.7607,0.76116,2.78,2.82
2011.01.18 10:33:18.581,0.7607,0.76116,5.97,2.25
2011.01.18 10:33:18.687,0.76071,0.76124,5.97,2.52
2011.01.18 10:33:19.038,0.76071,0.76124,2.40,2.33
2011.01.18 10:33:19.645,0.76071,0.76124,5.85,2.33
2011.01.18 10:33:20.517,0.76071,0.76124,5.85,2.25
2011.01.18 10:33:20.917,0.76072,0.76131,2.40,1.02
2011.01.18 10:33:21.367,0.76065,0.76124,2.55,2.44
2011.01.18 10:33:21.676,0.76065,0.76124,6.08,2.44
2011.01.18 10:33:23.896,0.76065,0.76131,6.45,1.09
2011.01.18 10:33:25.506,0.76065,0.76131,6.45,2.59
2011.01.18 10:33:25.620,0.76064,0.76123,7.26,2.70
2011.01.18 10:33:26.941,0.76064,0.76123,7.49,2.63
2011.01.18 10:33:27.158,0.76064,0.76123,7.26,2.78
2011.01.18 10:33:27.341,0.76064,0.76123,7.26,2.70
2011.01.18 10:33:30.760,0.76071,0.76124,5.85,2.33
2011.01.18 10:33:37.512,0.76071,0.76124,2.40,2.40
2011.01.18 10:33:37.630,0.76071,0.76124,5.85,2.33
2011.01.18 10:34:00.711,0.7605,0.7609,1.09,2.25
2011.01.18 10:34:01.092,0.7605,0.7609,2.55,2.82
2011.01.18 10:34:01.425,0.7605,0.7609,6.45,2.25
2011.01.18 10:34:01.822,0.76048,0.76093,2.78,2.25
2011.01.18 10:34:02.351,0.76048,0.76093,2.97,2.25
2011.01.18 10:34:02.467,0.76048,0.76093,6.45,2.33
2011.01.18 10:34:02.792,0.7605,0.76091,2.93,2.82
2011.01.18 10:34:03.384,0.76048,0.76092,2.78,2.40
2011.01.18 10:34:03.874,0.76048,0.76093,1.15,2.25
2011.01.18 10:34:04.600,0.76048,0.76093,2.82,2.40
2011.01.18 10:34:05.061,0.76048,0.76093,6.78,2.25
2011.01.18 10:34:05.290,0.76048,0.76093,2.55,2.82
2011.01.18 10:34:05.446,0.76048,0.76093,1.02,6.63
2011.01.18 10:34:06.281,0.76048,0.76092,1.05,2.25
2011.01.18 10:34:09.630,0.76048,0.76093,2.97,2.25
2011.01.18 10:34:12.648,0.76048,0.76093,2.63,2.97
2011.01.18 10:34:15.449,0.76048,0.76093,2.97,2.63
2011.01.18 10:34:15.567,0.76048,0.76093,2.63,2.97
2011.01.18 10:34:18.552,0.76048,0.76093,2.82,2.40
2011.01.18 10:34:18.663,0.76048,0.76093,6.34,2.25
2011.01.18 10:34:18.772,0.76048,0.76093,6.72,2.25
2011.01.18 10:34:19.613,0.76049,0.76092,2.78,2.97
2011.01.18 10:34:21.653,0.76049,0.76092,2.55,2.82
2011.01.18 10:34:22.030,0.76049,0.76092,2.97,2.63
2011.01.18 10:34:22.704,0.76049,0.76092,2.93,2.82
2011.01.18 10:34:26.882,0.76049,0.76092,6.23,2.25
2011.01.18 10:34:28.743,0.76049,0.76092,6.78,2.63
2011.01.18 10:34:28.853,0.76048,0.76093,2.55,2.82
2011.01.18 10:34:31.633,0.76048,0.76093,2.97,2.63
2011.01.18 10:34:32.697,0.76048,0.76093,2.89,2.33
2011.01.18 10:34:33.412,0.76048,0.76093,6.70,2.63
2011.01.18 10:34:33.523,0.76048,0.76093,6.78,2.25
2011.01.18 10:34:33.633,0.76048,0.76093,2.82,2.25
2011.01.18 10:34:34.651,0.76048,0.76093,6.81,2.63
2011.01.18 10:34:34.766,0.76048,0.76093,2.89,2.33
2011.01.18 10:34:35.151,0.76049,0.76092,1.15,2.25
2011.01.18 10:34:35.371,0.76055,0.76085,5.85,2.63
2011.01.18 10:34:36.933,0.7605,0.7609,6.34,2.25
2011.01.18 10:34:47.722,0.7605,0.7609,6.81,2.63
2011.01.18 10:34:48.471,0.7605,0.7609,2.97,2.40
2011.01.18 10:34:49.205,0.7605,0.7609,1.05,2.25
2011.01.18 10:34:49.652,0.7605,0.7609,6.45,2.33
2011.01.18 10:34:50.281,0.7605,0.7609,2.63,2.97
2011.01.18 10:34:50.673,0.7605,0.7609,6.63,2.25
2011.01.18 10:34:51.351,0.7605,0.7609,1.02,6.63
2011.01.18 10:34:53.272,0.7605,0.7609,2.97,2.78
2011.01.18 10:34:53.862,0.7605,0.7609,6.81,2.25
2011.01.18 10:34:54.500,0.7605,0.7609,2.63,2.97
2011.01.18 10:34:55.890,0.7605,0.7609,6.78,2.63
