2012.06.22 07:00:00.036,0.80904,0.80939,3.83,2.93
2012.06.22 07:00:00.547,0.80907,0.80939,1.58,3.00
2012.06.22 07:00:01.235,0.80908,0.80939,1.20,2.63
2012.06.22 07:00:01.637,0.80911,0.80939,1.13,2.25
2012.06.22 07:00:01.888,0.80911,0.80939,1.58,2.25
2012.06.22 07:00:02.378,0.80918,0.80951,2.70,3.38
2012.06.22 07:00:02.477,0.8092,0.80951,1.20,2.63
2012.06.22 07:00:02.657,0.80918,0.80951,2.70,3.38
2012.06.22 07:00:03.198,0.80921,0.80951,2.25,1.13
2012.06.22 07:00:03.444,0.80918,0.80949,2.70,3.00
2012.06.22 07:00:04.588,0.80918,0.80949,2.25,3.00
2012.06.22 07:00:04.895,0.80918,0.80949,3.00,2.25
2012.06.22 07:00:05.075,0.80922,0.80953,1.58,3.00
2012.06.22 07:00:06.972,0.80921,0.80948,1.13,2.25
2012.06.22 07:00:07.345,0.80917,0.80948,1.58,3.00
2012.06.22 07:00:07.403,0.80917,0.80948,1.58,3.00
2012.06.22 07:00:07.706,0.80918,0.8095,2.25,1.43
2012.06.22 07:00:07.775,0.80918,0.8095,2.25,2.03
2012.06.22 07:00:08.126,0.80917,0.80946,2.25,2.63
2012.06.22 07:00:08.193,0.80917,0.80946,2.25,3.38
2012.06.22 07:00:08.464,0.80918,0.80949,2.70,1.13
2012.06.22 07:00:09.206,0.80918,0.80953,2.70,4.05
2012.06.22 07:00:09.447,0.80918,0.80953,3.45,4.05
2012.06.22 07:00:10.238,0.8092,0.80949,1.13,2.25
2012.06.22 07:00:12.974,0.80917,0.80949,1.20,3.00
2012.06.22 07:00:14.868,0.80919,0.80949,1.58,2.25
2012.06.22 07:00:15.140,0.80917,0.80949,1.58,3.00
2012.06.22 07:00:16.070,0.80917,0.80949,1.95,3.00
2012.06.22 07:00:17.667,0.80917,0.80949,1.58,3.00
2012.06.22 07:00:17.918,0.80915,0.80949,1.20,3.00
2012.06.22 07:00:18.137,0.80916,0.80949,1.58,3.00
2012.06.22 07:00:18.507,0.80915,0.80949,1.20,3.00
2012.06.22 07:00:19.459,0.80918,0.80949,1.20,3.00
2012.06.22 07:00:20.458,0.80917,0.80949,1.58,3.00
2012.06.22 07:00:20.579,0.80917,0.80949,1.95,3.00
2012.06.22 07:00:21.460,0.80917,0.80949,1.20,3.00
2012.06.22 07:00:21.659,0.80914,0.80949,3.45,3.00
2012.06.22 07:00:22.762,0.80916,0.80949,1.20,3.00
2012.06.22 07:00:24.117,0.80914,0.80949,3.45,3.00
2012.06.22 07:00:25.526,0.80914,0.80948,3.08,1.13
2012.06.22 07:00:25.602,0.80914,0.80948,3.08,1.13
2012.06.22 07:00:25.788,0.80912,0.80943,2.25,3.38
2012.06.22 07:00:25.902,0.80912,0.80943,2.25,3.38
2012.06.22 07:00:25.968,0.80907,0.80939,1.20,3.00
2012.06.22 07:00:26.097,0.80904,0.80939,2.70,3.38
2012.06.22 07:00:26.228,0.80902,0.80929,1.58,2.63
2012.06.22 07:00:26.300,0.80902,0.80929,1.13,2.63
2012.06.22 07:00:26.446,0.80902,0.80931,3.00,2.63
2012.06.22 07:00:26.918,0.80902,0.80931,3.00,2.93
2012.06.22 07:00:27.198,0.80887,0.80923,1.20,1.50
2012.06.22 07:00:27.594,0.80885,0.80918,1.58,2.25
2012.06.22 07:00:28.267,0.80892,0.80921,2.25,2.25
2012.06.22 07:00:29.659,0.80892,0.80921,3.38,2.25
2012.06.22 07:00:29.728,0.80891,0.80925,3.38,1.05
2012.06.22 07:00:29.918,0.80893,0.80926,1.13,2.93
2012.06.22 07:00:30.208,0.80893,0.80924,2.25,3.38
2012.06.22 07:00:30.537,0.80893,0.80924,2.25,3.00
2012.06.22 07:00:30.611,0.80893,0.80924,3.00,2.25
2012.06.22 07:00:30.718,0.80895,0.80928,3.00,1.05
2012.06.22 07:00:31.290,0.80893,0.80924,2.25,3.30
2012.06.22 07:00:33.187,0.80893,0.80923,2.25,2.10
2012.06.22 07:00:33.376,0.80885,0.80916,2.25,3.00
2012.06.22 07:00:33.445,0.80885,0.80916,3.00,2.25
2012.06.22 07:00:34.367,0.8089,0.80919,2.25,3.90
2012.06.22 07:00:35.938,0.8089,0.80919,2.25,3.00
2012.06.22 07:00:38.190,0.8089,0.80919,3.00,2.25
2012.06.22 07:00:38.914,0.80892,0.80922,2.25,1.28
2012.06.22 07:00:39.449,0.80887,0.80919,1.20,2.63
2012.06.22 07:00:40.047,0.80892,0.80921,2.25,3.00
2012.06.22 07:00:40.579,0.8089,0.80923,3.00,2.25
2012.06.22 07:00:40.765,0.80886,0.80919,3.45,3.00
2012.06.22 07:00:40.930,0.80886,0.80919,3.45,2.25
2012.06.22 07:00:41.021,0.80886,0.80921,3.45,3.30
2012.06.22 07:00:41.153,0.80886,0.80919,3.45,1.13
2012.06.22 07:00:41.446,0.80886,0.80921,3.45,3.30
2012.06.22 07:00:41.918,0.80883,0.80914,3.45,2.63
2012.06.22 07:00:42.259,0.80892,0.80918,2.25,2.25
2012.06.22 07:00:42.388,0.80892,0.80921,2.25,4.50
2012.06.22 07:00:42.807,0.80895,0.80924,2.25,1.13
2012.06.22 07:00:43.025,0.80891,0.80922,3.00,2.25
2012.06.22 07:00:43.693,0.80891,0.80922,3.00,2.63
2012.06.22 07:00:45.300,0.80891,0.80922,3.00,2.63
2012.06.22 07:00:46.420,0.80891,0.80922,3.00,3.00
2012.06.22 07:00:48.565,0.80891,0.80922,3.00,2.63
2012.06.22 07:00:49.598,0.80891,0.8092,3.00,2.48
2012.06.22 07:00:49.906,0.80884,0.80906,1.13,2.25
2012.06.22 07:00:50.028,0.80886,0.80917,3.00,3.15
2012.06.22 07:00:50.247,0.80891,0.80919,2.25,1.13
2012.06.22 07:00:50.751,0.80887,0.80918,1.20,2.63
2012.06.22 07:00:50.875,0.80885,0.80918,1.20,3.38
2012.06.22 07:00:53.378,0.80884,0.80918,3.08,3.38
2012.06.22 07:00:53.818,0.80884,0.80918,3.45,3.00
2012.06.22 07:00:53.948,0.80884,0.80916,2.25,1.13
2012.06.22 07:00:54.017,0.80884,0.80916,2.25,1.13
2012.06.22 07:00:54.187,0.80884,0.80916,2.25,1.13
2012.06.22 07:00:54.339,0.80886,0.80915,2.25,3.00
2012.06.22 07:00:54.730,0.80889,0.80916,2.25,1.13
2012.06.22 07:00:55.060,0.80885,0.80914,2.25,3.75
2012.06.22 07:00:55.768,0.80885,0.80914,3.00,3.00
2012.06.22 07:00:55.842,0.80885,0.80914,3.00,2.25
2012.06.22 07:00:55.971,0.80885,0.80914,2.25,3.00
2012.06.22 07:00:56.158,0.8088,0.80905,1.13,2.25
2012.06.22 07:00:56.730,0.80883,0.80912,3.00,2.63
2012.06.22 07:00:57.007,0.80883,0.80909,2.25,1.73
2012.06.22 07:00:57.080,0.80883,0.80909,2.25,3.60
2012.06.22 07:00:57.147,0.80876,0.80907,3.00,1.05
2012.06.22 07:00:57.664,0.80872,0.80903,2.25,2.25
2012.06.22 07:00:57.728,0.8087,0.80898,1.13,2.25
2012.06.22 07:00:58.128,0.80865,0.80895,1.13,2.25
2012.06.22 07:00:59.599,0.80861,0.80895,3.45,2.63
2012.06.22 07:01:00.148,0.80865,0.80895,1.13,2.25
2012.06.22 07:01:00.878,0.80867,0.80899,1.20,2.25
2012.06.22 07:01:01.006,0.80869,0.80902,3.00,2.63
2012.06.22 07:01:01.309,0.80867,0.80898,1.58,2.25
2012.06.22 07:01:01.739,0.80866,0.80897,3.00,2.25
2012.06.22 07:01:01.968,0.80866,0.80897,3.45,2.25
2012.06.22 07:01:02.038,0.80871,0.809,3.00,2.63
2012.06.22 07:01:02.598,0.80867,0.80896,3.00,2.25
2012.06.22 07:01:02.694,0.80867,0.80896,3.00,2.25
2012.06.22 07:01:03.895,0.80872,0.80896,1.13,2.25
2012.06.22 07:01:04.370,0.80867,0.80896,3.00,2.25
2012.06.22 07:01:04.436,0.80867,0.80896,2.25,3.00
2012.06.22 07:01:04.797,0.80863,0.80891,1.20,2.25
2012.06.22 07:01:04.988,0.80877,0.80902,2.25,2.10
2012.06.22 07:01:05.058,0.80877,0.80905,2.25,1.43
2012.06.22 07:01:05.126,0.80877,0.80906,3.00,2.63
2012.06.22 07:01:05.332,0.80873,0.80901,1.13,2.25
2012.06.22 07:01:05.885,0.80877,0.80906,3.00,2.25
2012.06.22 07:01:07.279,0.80877,0.80906,3.00,3.53
2012.06.22 07:01:07.400,0.80872,0.80901,3.38,2.25
2012.06.22 07:01:09.615,0.80877,0.80901,1.13,2.25
2012.06.22 07:01:09.683,0.80877,0.80906,3.38,2.25
2012.06.22 07:01:10.102,0.80877,0.80901,3.38,2.10
2012.06.22 07:01:10.407,0.80868,0.80891,1.50,2.25
2012.06.22 07:01:10.549,0.80876,0.80904,2.25,1.43
2012.06.22 07:01:10.617,0.80876,0.80904,2.25,1.13
2012.06.22 07:01:10.688,0.80867,0.80896,3.08,2.25
2012.06.22 07:01:10.818,0.80867,0.80896,2.25,2.25
2012.06.22 07:01:11.170,0.80867,0.80896,2.25,3.00
2012.06.22 07:01:11.446,0.80861,0.80893,1.13,2.25
2012.06.22 07:01:11.507,0.8086,0.80893,1.58,2.25
2012.06.22 07:01:11.700,0.80866,0.80896,2.25,1.13
2012.06.22 07:01:12.528,0.80866,0.80897,3.00,2.25
2012.06.22 07:01:13.190,0.80862,0.80891,3.00,2.25
2012.06.22 07:01:13.616,0.80862,0.80891,3.00,2.25
2012.06.22 07:01:13.780,0.80858,0.80886,1.13,2.25
2012.06.22 07:01:14.111,0.80859,0.80886,1.13,2.25
2012.06.22 07:01:14.179,0.80862,0.80891,3.00,2.25
2012.06.22 07:01:14.307,0.80867,0.80896,2.25,2.25
2012.06.22 07:01:14.397,0.80867,0.80896,2.25,3.00
2012.06.22 07:01:14.865,0.80867,0.80896,3.00,2.25
2012.06.22 07:01:15.074,0.80868,0.80903,3.00,3.23
2012.06.22 07:01:15.151,0.80868,0.80903,3.00,3.60
2012.06.22 07:01:15.215,0.80868,0.80903,2.25,3.60
2012.06.22 07:01:15.399,0.80868,0.809,2.25,1.13
2012.06.22 07:01:15.472,0.80862,0.80894,1.20,1.13
2012.06.22 07:01:15.537,0.8086,0.80892,1.58,2.25
2012.06.22 07:01:15.908,0.80859,0.8089,2.70,1.13
2012.06.22 07:01:16.895,0.80856,0.80885,3.38,2.25
2012.06.22 07:01:17.229,0.80856,0.80882,1.13,2.25
2012.06.22 07:01:17.295,0.80856,0.80886,1.13,2.25
2012.06.22 07:01:17.383,0.80859,0.80889,2.25,1.13
2012.06.22 07:01:17.449,0.80859,0.80892,3.38,2.55
2012.06.22 07:01:17.691,0.80859,0.80892,2.63,3.00
2012.06.22 07:01:18.352,0.80859,0.80892,3.00,2.63
2012.06.22 07:01:18.693,0.80859,0.80892,3.38,2.25
2012.06.22 07:01:19.019,0.80859,0.80892,3.00,2.63
2012.06.22 07:01:19.410,0.80859,0.8089,2.25,1.13
2012.06.22 07:01:19.568,0.80859,0.80892,3.00,3.00
2012.06.22 07:01:19.792,0.80859,0.80889,2.70,1.13
2012.06.22 07:01:19.928,0.80856,0.80885,3.38,2.25
2012.06.22 07:01:20.461,0.80846,0.80875,3.00,2.25
2012.06.22 07:01:20.613,0.80848,0.80883,3.00,2.63
2012.06.22 07:01:20.676,0.8085,0.80883,1.13,2.25
2012.06.22 07:01:20.923,0.80855,0.80886,3.00,2.63
2012.06.22 07:01:21.020,0.8085,0.80882,1.58,2.25
2012.06.22 07:01:21.446,0.80849,0.80882,3.00,2.63
2012.06.22 07:01:21.892,0.80851,0.80876,1.20,2.25
2012.06.22 07:01:21.955,0.80855,0.80886,3.00,3.00
2012.06.22 07:01:22.017,0.80855,0.80886,3.00,2.25
2012.06.22 07:01:22.388,0.80855,0.80885,3.00,2.10
2012.06.22 07:01:22.718,0.80848,0.80871,1.20,2.25
2012.06.22 07:01:22.918,0.80851,0.80871,1.13,2.25
2012.06.22 07:01:22.989,0.80851,0.80876,1.13,2.25
2012.06.22 07:01:23.563,0.80846,0.80876,1.20,2.25
2012.06.22 07:01:23.631,0.80845,0.80876,3.00,2.25
2012.06.22 07:01:23.865,0.80853,0.80884,3.00,3.00
2012.06.22 07:01:24.409,0.80853,0.80884,3.00,2.63
2012.06.22 07:01:24.829,0.80853,0.80884,3.00,3.00
2012.06.22 07:01:25.135,0.80849,0.80878,3.00,2.25
2012.06.22 07:01:25.197,0.80853,0.80884,3.00,3.60
2012.06.22 07:01:25.269,0.80853,0.80884,3.00,3.23
2012.06.22 07:01:25.399,0.80853,0.80884,3.00,3.23
2012.06.22 07:01:26.851,0.80853,0.80884,3.00,2.63
2012.06.22 07:01:27.589,0.80853,0.80884,3.00,2.25
2012.06.22 07:01:28.048,0.80861,0.80892,3.00,2.93
2012.06.22 07:01:28.371,0.80861,0.80892,3.00,2.93
2012.06.22 07:01:28.709,0.80852,0.80881,3.00,2.25
2012.06.22 07:01:28.778,0.80855,0.80884,3.00,2.25
2012.06.22 07:01:28.997,0.80852,0.80881,3.00,2.25
2012.06.22 07:01:29.437,0.80855,0.80884,3.00,2.25
2012.06.22 07:01:29.568,0.80851,0.80882,3.00,2.25
2012.06.22 07:01:30.477,0.80851,0.80882,3.00,2.25
2012.06.22 07:01:30.550,0.80848,0.80878,1.20,2.25
2012.06.22 07:01:30.887,0.80854,0.80885,3.00,2.25
2012.06.22 07:01:31.550,0.80854,0.80885,2.85,3.00
2012.06.22 07:01:31.998,0.80857,0.80881,2.25,1.13
2012.06.22 07:01:32.070,0.80854,0.80881,2.25,1.13
2012.06.22 07:01:32.183,0.80854,0.80883,2.25,2.63
2012.06.22 07:01:32.309,0.80858,0.80884,2.25,2.03
2012.06.22 07:01:32.440,0.80845,0.80878,3.38,2.25
2012.06.22 07:01:32.568,0.80845,0.80875,1.13,2.25
2012.06.22 07:01:32.747,0.80841,0.80875,3.38,3.00
2012.06.22 07:01:33.000,0.80841,0.80875,3.00,2.63
2012.06.22 07:01:33.471,0.80838,0.80869,3.00,2.25
2012.06.22 07:01:33.545,0.80841,0.80875,3.00,2.63
2012.06.22 07:01:33.610,0.80841,0.80875,3.00,2.25
2012.06.22 07:01:33.793,0.80841,0.80875,3.00,2.25
2012.06.22 07:01:34.182,0.80841,0.80875,3.00,2.25
2012.06.22 07:01:34.359,0.80841,0.80875,3.00,3.00
2012.06.22 07:01:34.767,0.80841,0.80882,3.00,1.05
2012.06.22 07:01:34.838,0.80841,0.80883,3.38,1.43
2012.06.22 07:01:34.968,0.80841,0.80879,3.38,1.05
2012.06.22 07:01:35.694,0.80846,0.80879,1.13,3.60
2012.06.22 07:01:36.007,0.80844,0.80879,3.45,3.23
2012.06.22 07:01:36.695,0.80857,0.80881,2.25,2.10
2012.06.22 07:01:37.284,0.80857,0.80883,2.25,2.10
2012.06.22 07:01:37.758,0.80854,0.80883,2.25,5.10
2012.06.22 07:01:38.211,0.80854,0.80883,3.00,4.35
2012.06.22 07:01:38.767,0.80858,0.80883,2.25,2.10
2012.06.22 07:01:39.612,0.80854,0.80883,3.00,4.35
2012.06.22 07:01:40.206,0.80858,0.80882,2.25,2.48
2012.06.22 07:01:40.269,0.80853,0.80882,2.25,4.73
2012.06.22 07:01:40.511,0.80849,0.80878,3.00,3.23
2012.06.22 07:01:41.610,0.80849,0.80878,3.00,3.60
2012.06.22 07:01:41.751,0.80849,0.80874,3.00,2.10
2012.06.22 07:01:42.297,0.80852,0.80874,2.25,2.10
2012.06.22 07:01:42.938,0.80835,0.80868,3.38,2.25
2012.06.22 07:01:43.418,0.80835,0.80868,3.38,2.25
2012.06.22 07:01:43.490,0.80839,0.80872,3.38,2.25
2012.06.22 07:01:43.963,0.80842,0.80877,3.00,2.63
2012.06.22 07:01:44.337,0.80842,0.80877,3.00,3.00
2012.06.22 07:01:44.408,0.80839,0.80872,3.00,2.25
2012.06.22 07:01:44.742,0.80839,0.80872,2.25,3.00
2012.06.22 07:01:44.992,0.80831,0.80871,1.13,1.13
2012.06.22 07:01:45.127,0.80832,0.80872,1.13,2.63
2012.06.22 07:01:45.701,0.80831,0.80872,1.13,4.50
2012.06.22 07:01:45.767,0.80831,0.80872,1.13,4.50
2012.06.22 07:01:46.384,0.80831,0.80872,1.13,4.50
2012.06.22 07:01:46.688,0.80833,0.80872,1.13,2.63
2012.06.22 07:01:47.368,0.80833,0.80872,1.13,2.63
2012.06.22 07:01:47.761,0.80833,0.80872,1.13,2.63
2012.06.22 07:01:48.010,0.80835,0.80872,1.13,2.25
2012.06.22 07:01:48.142,0.80835,0.80872,1.13,2.25
2012.06.22 07:01:48.915,0.80835,0.80872,1.13,2.25
2012.06.22 07:01:49.086,0.80835,0.80872,1.13,2.25
2012.06.22 07:01:50.503,0.80835,0.80872,1.13,2.25
2012.06.22 07:01:51.709,0.80832,0.80872,1.13,2.63
2012.06.22 07:01:51.928,0.80835,0.80872,1.13,2.25
2012.06.22 07:01:52.199,0.80839,0.80872,3.00,2.25
2012.06.22 07:01:52.283,0.80839,0.80871,3.00,2.25
2012.06.22 07:01:52.414,0.80839,0.80869,2.25,1.13
2012.06.22 07:01:52.570,0.80831,0.80864,3.00,2.25
2012.06.22 07:01:54.169,0.80831,0.80864,3.00,2.63
2012.06.22 07:01:54.297,0.80839,0.80872,3.00,2.63
2012.06.22 07:01:55.158,0.80839,0.80872,3.00,2.63
2012.06.22 07:01:55.287,0.80841,0.80872,1.13,2.25
2012.06.22 07:01:55.357,0.80852,0.80878,2.25,1.13
2012.06.22 07:01:55.680,0.80836,0.80865,3.00,2.25
2012.06.22 07:01:55.868,0.8084,0.80872,3.00,3.00
2012.06.22 07:01:55.938,0.80835,0.80866,3.00,2.25
2012.06.22 07:01:56.009,0.80835,0.80866,3.00,2.63
2012.06.22 07:01:56.334,0.80835,0.80866,3.00,2.25
2012.06.22 07:01:56.398,0.80838,0.80873,3.00,3.00
2012.06.22 07:01:57.197,0.80841,0.80873,1.13,2.63
2012.06.22 07:01:57.270,0.80851,0.80882,3.00,2.63
2012.06.22 07:01:57.589,0.80851,0.8088,2.25,1.13
2012.06.22 07:01:57.832,0.80847,0.80878,3.00,3.00
2012.06.22 07:01:57.898,0.80847,0.80878,3.00,3.38
2012.06.22 07:01:58.153,0.80842,0.80873,2.25,2.25
2012.06.22 07:01:58.430,0.80834,0.80869,3.00,2.25
2012.06.22 07:01:58.740,0.80843,0.80872,2.25,2.25
2012.06.22 07:01:58.958,0.80847,0.80876,2.25,2.63
2012.06.22 07:01:59.469,0.80847,0.80876,2.25,3.00
2012.06.22 07:01:59.538,0.80843,0.80872,2.25,2.25
2012.06.22 07:01:59.737,0.80847,0.80872,1.13,2.25
2012.06.22 07:01:59.805,0.80857,0.80886,2.25,1.43
2012.06.22 07:01:59.927,0.80857,0.80883,2.25,1.13
2012.06.22 07:02:00.058,0.80844,0.80879,3.00,2.63
2012.06.22 07:02:00.127,0.80844,0.80878,2.25,2.25
2012.06.22 07:02:00.700,0.80843,0.80872,2.25,2.25
2012.06.22 07:02:01.100,0.80843,0.80872,3.00,2.25
2012.06.22 07:02:01.450,0.80843,0.80872,2.25,3.00
2012.06.22 07:02:01.518,0.80839,0.80872,2.25,3.00
2012.06.22 07:02:02.198,0.80839,0.80867,2.25,1.13
2012.06.22 07:02:02.434,0.80831,0.80862,3.00,2.25
2012.06.22 07:02:02.499,0.80831,0.80862,3.00,2.25
2012.06.22 07:02:02.817,0.80842,0.80868,2.25,1.13
2012.06.22 07:02:03.550,0.80834,0.80868,3.00,2.25
2012.06.22 07:02:04.242,0.80835,0.80866,3.00,2.25
2012.06.22 07:02:04.518,0.80833,0.80866,2.25,2.25
2012.06.22 07:02:04.647,0.80834,0.80869,2.25,4.05
2012.06.22 07:02:04.717,0.80834,0.80868,2.25,1.13
2012.06.22 07:02:05.027,0.80841,0.8087,2.25,1.73
2012.06.22 07:02:05.382,0.80848,0.8087,2.25,1.13
2012.06.22 07:02:05.507,0.80848,0.80875,2.25,1.13
2012.06.22 07:02:05.644,0.80848,0.80877,2.25,3.38
2012.06.22 07:02:05.708,0.80848,0.80877,2.25,2.63
2012.06.22 07:02:05.897,0.80848,0.80877,2.25,3.38
2012.06.22 07:02:06.140,0.80842,0.80871,2.25,3.00
2012.06.22 07:02:06.351,0.80842,0.80871,2.25,2.25
2012.06.22 07:02:06.885,0.80842,0.80871,2.25,2.63
2012.06.22 07:02:07.121,0.80842,0.8087,2.25,1.13
2012.06.22 07:02:07.538,0.80837,0.80866,2.25,2.25
2012.06.22 07:02:07.651,0.80837,0.80866,2.25,2.63
2012.06.22 07:02:08.009,0.80844,0.80877,2.25,1.13
2012.06.22 07:02:08.708,0.80844,0.80879,2.25,3.38
2012.06.22 07:02:08.779,0.80853,0.80879,2.25,1.13
2012.06.22 07:02:09.178,0.80853,0.80876,2.25,1.13
2012.06.22 07:02:09.308,0.80847,0.80876,2.25,1.13
2012.06.22 07:02:09.376,0.80847,0.80876,2.25,1.13
2012.06.22 07:02:10.806,0.80849,0.80878,2.25,3.75
2012.06.22 07:02:11.156,0.8084,0.80874,2.63,1.13
2012.06.22 07:02:11.531,0.8084,0.8087,2.25,1.13
2012.06.22 07:02:11.638,0.8084,0.8087,2.25,1.13
2012.06.22 07:02:11.828,0.80845,0.80876,2.25,3.00
2012.06.22 07:02:12.448,0.80845,0.80876,2.25,3.00
2012.06.22 07:02:12.669,0.80845,0.80876,2.25,3.00
2012.06.22 07:02:13.007,0.80845,0.80873,2.25,1.13
2012.06.22 07:02:13.574,0.8085,0.80879,2.25,3.38
2012.06.22 07:02:13.891,0.8085,0.80876,2.25,1.13
2012.06.22 07:02:14.319,0.80846,0.80875,2.25,3.38
2012.06.22 07:02:15.178,0.80846,0.80875,2.25,3.38
2012.06.22 07:02:15.429,0.80846,0.80875,2.25,3.00
2012.06.22 07:02:17.590,0.80846,0.80875,2.25,3.00
2012.06.22 07:02:18.063,0.80846,0.80875,2.25,3.00
2012.06.22 07:02:18.436,0.80846,0.80875,2.25,3.00
2012.06.22 07:02:18.556,0.80851,0.80881,2.25,4.28
2012.06.22 07:02:18.879,0.80849,0.80881,2.25,1.73
2012.06.22 07:02:19.008,0.80846,0.80875,2.25,3.00
2012.06.22 07:02:19.487,0.80847,0.80875,1.13,2.25
2012.06.22 07:02:19.762,0.80849,0.80882,2.25,3.38
2012.06.22 07:02:21.650,0.80849,0.80878,2.25,1.13
2012.06.22 07:02:21.776,0.8084,0.80871,3.00,2.25
2012.06.22 07:02:22.311,0.80841,0.80871,1.20,2.25
2012.06.22 07:02:22.379,0.80849,0.80881,2.25,1.13
2012.06.22 07:02:22.703,0.80849,0.80882,3.38,2.63
2012.06.22 07:02:23.027,0.80856,0.80884,2.25,1.35
2012.06.22 07:02:23.893,0.80856,0.80887,2.25,3.00
2012.06.22 07:02:24.235,0.8085,0.80884,3.00,1.50
2012.06.22 07:02:24.363,0.8085,0.80881,2.25,1.13
2012.06.22 07:02:24.931,0.8085,0.80884,3.00,1.13
2012.06.22 07:02:25.734,0.8085,0.80885,3.00,1.13
2012.06.22 07:02:25.800,0.80852,0.80883,3.00,2.63
2012.06.22 07:02:26.361,0.80852,0.80883,3.00,2.25
2012.06.22 07:02:27.210,0.80857,0.80886,2.25,1.13
2012.06.22 07:02:27.499,0.80857,0.80888,2.25,2.63
2012.06.22 07:02:27.566,0.80862,0.80889,2.25,1.50
2012.06.22 07:02:27.872,0.80862,0.80885,2.25,1.13
2012.06.22 07:02:28.118,0.80857,0.80885,2.25,1.13
2012.06.22 07:02:28.248,0.80857,0.80888,2.25,3.75
2012.06.22 07:02:28.319,0.80854,0.80883,2.25,2.25
2012.06.22 07:02:28.415,0.80857,0.80888,2.25,3.75
2012.06.22 07:02:29.050,0.80857,0.80888,2.25,3.75
2012.06.22 07:02:29.358,0.80857,0.80885,2.25,1.13
2012.06.22 07:02:29.608,0.8085,0.80882,3.00,2.25
2012.06.22 07:02:29.679,0.8085,0.80882,2.25,3.00
2012.06.22 07:02:30.313,0.80857,0.80885,2.25,1.13
2012.06.22 07:02:30.560,0.80852,0.80883,2.25,3.38
2012.06.22 07:02:30.628,0.80852,0.80882,2.25,2.48
2012.06.22 07:02:30.821,0.80843,0.80874,2.25,3.00
2012.06.22 07:02:30.948,0.80845,0.80874,1.13,2.25
2012.06.22 07:02:31.020,0.80848,0.80878,2.25,1.35
2012.06.22 07:02:31.212,0.80848,0.80879,3.00,2.63
2012.06.22 07:02:31.802,0.80852,0.80883,2.25,3.38
2012.06.22 07:02:32.307,0.80853,0.80884,2.25,3.38
2012.06.22 07:02:32.689,0.80853,0.80884,2.25,3.00
2012.06.22 07:02:32.759,0.80858,0.80887,2.25,3.00
2012.06.22 07:02:33.159,0.80862,0.80888,2.25,1.13
2012.06.22 07:02:33.730,0.80862,0.80891,2.25,3.00
2012.06.22 07:02:34.186,0.80862,0.80891,2.25,3.00
2012.06.22 07:02:34.995,0.80862,0.80891,2.25,3.00
2012.06.22 07:02:35.050,0.80867,0.80892,2.25,1.13
2012.06.22 07:02:35.537,0.80869,0.80895,2.25,1.13
2012.06.22 07:02:35.895,0.80859,0.80893,1.58,3.00
2012.06.22 07:02:36.161,0.80858,0.80893,2.25,3.38
2012.06.22 07:02:36.419,0.80858,0.80893,2.25,3.38
2012.06.22 07:02:37.141,0.80858,0.80889,2.25,1.13
2012.06.22 07:02:37.733,0.80857,0.80886,2.25,3.38
2012.06.22 07:02:37.902,0.80857,0.80886,2.25,3.38
2012.06.22 07:02:38.027,0.80848,0.80882,3.00,1.13
2012.06.22 07:02:38.142,0.80856,0.80882,2.25,1.13
2012.06.22 07:02:38.209,0.80856,0.80883,2.25,1.13
2012.06.22 07:02:38.769,0.80856,0.80884,2.25,1.35
2012.06.22 07:02:40.321,0.80861,0.80885,2.25,1.13
2012.06.22 07:02:40.944,0.80866,0.80891,2.25,1.13
2012.06.22 07:02:41.359,0.80866,0.80891,2.25,1.13
2012.06.22 07:02:43.126,0.80866,0.8089,2.25,1.13
2012.06.22 07:02:43.299,0.80866,0.80889,2.25,1.13
2012.06.22 07:02:43.368,0.80859,0.80889,2.25,1.43
2012.06.22 07:02:43.500,0.80859,0.80887,2.25,1.50
2012.06.22 07:02:43.818,0.80852,0.80884,2.25,1.13
2012.06.22 07:02:44.678,0.80852,0.80887,3.00,3.30
2012.06.22 07:02:45.108,0.80858,0.80884,2.25,1.13
2012.06.22 07:02:45.178,0.80854,0.80884,2.25,1.13
2012.06.22 07:02:46.035,0.80857,0.80883,2.25,1.35
2012.06.22 07:02:46.108,0.80853,0.80882,2.25,2.85
2012.06.22 07:02:46.467,0.80853,0.80881,2.25,1.73
2012.06.22 07:02:46.597,0.80847,0.80878,3.00,3.00
2012.06.22 07:02:46.729,0.80851,0.80881,2.25,1.73
2012.06.22 07:02:47.082,0.80851,0.80881,2.25,1.35
2012.06.22 07:02:47.186,0.80851,0.80882,3.00,1.28
2012.06.22 07:02:47.688,0.80851,0.80882,3.00,1.05
2012.06.22 07:02:48.239,0.80852,0.8088,1.13,2.25
2012.06.22 07:02:48.450,0.80854,0.80885,3.00,2.25
2012.06.22 07:02:49.839,0.80856,0.80891,3.00,3.00
2012.06.22 07:02:49.908,0.80856,0.80889,3.00,1.35
2012.06.22 07:02:50.253,0.80864,0.80889,2.25,1.35
2012.06.22 07:02:50.317,0.80864,0.80893,2.25,1.13
2012.06.22 07:02:51.249,0.80856,0.8089,3.00,1.05
2012.06.22 07:02:51.660,0.80856,0.80891,3.00,2.63
2012.06.22 07:02:52.539,0.80858,0.80895,2.63,1.73
2012.06.22 07:02:53.098,0.80858,0.80895,2.63,1.73
2012.06.22 07:02:53.457,0.80851,0.80882,3.75,2.25
2012.06.22 07:02:53.530,0.80851,0.80882,3.38,2.25
2012.06.22 07:02:53.599,0.80851,0.80882,3.38,2.25
2012.06.22 07:02:54.018,0.80859,0.80889,2.25,1.13
2012.06.22 07:02:54.357,0.80857,0.80886,3.00,2.25
2012.06.22 07:02:55.239,0.80861,0.8089,3.00,2.63
2012.06.22 07:02:55.844,0.80861,0.80889,2.25,1.13
2012.06.22 07:02:55.912,0.80856,0.80887,3.00,2.25
2012.06.22 07:02:56.660,0.80856,0.80887,2.25,3.00
2012.06.22 07:02:57.390,0.80856,0.80887,3.00,2.25
2012.06.22 07:02:57.652,0.80859,0.8089,3.00,1.65
2012.06.22 07:02:58.082,0.80856,0.80887,3.00,2.25
2012.06.22 07:02:58.301,0.80861,0.80892,3.00,2.63
2012.06.22 07:02:58.429,0.80861,0.80892,3.00,2.25
2012.06.22 07:02:58.851,0.8086,0.80893,3.00,2.93
2012.06.22 07:03:00.287,0.8086,0.80893,2.25,3.30
2012.06.22 07:03:00.941,0.80866,0.80897,2.25,3.00
2012.06.22 07:03:01.009,0.80866,0.80897,3.00,2.25
2012.06.22 07:03:01.620,0.80866,0.80897,3.00,2.25
2012.06.22 07:03:01.689,0.80866,0.80897,3.00,2.25
2012.06.22 07:03:02.382,0.80871,0.80898,2.25,1.05
2012.06.22 07:03:02.572,0.80871,0.80902,3.00,2.55
2012.06.22 07:03:02.641,0.80871,0.80902,2.25,3.30
2012.06.22 07:03:03.045,0.80866,0.80897,3.00,2.25
2012.06.22 07:03:03.170,0.80866,0.80897,3.38,2.25
2012.06.22 07:03:03.301,0.80866,0.80897,3.38,2.25
2012.06.22 07:03:03.369,0.80875,0.80899,2.25,1.13
2012.06.22 07:03:03.872,0.80869,0.809,2.25,3.30
2012.06.22 07:03:03.944,0.80869,0.80896,2.25,1.13
2012.06.22 07:03:04.011,0.80865,0.80894,2.25,3.00
2012.06.22 07:03:04.181,0.80865,0.80893,2.25,1.13
2012.06.22 07:03:04.993,0.80865,0.80894,2.25,3.00
2012.06.22 07:03:05.267,0.80865,0.80894,2.25,3.00
2012.06.22 07:03:05.993,0.80856,0.80882,1.20,2.25
2012.06.22 07:03:06.062,0.80855,0.80882,1.13,2.25
2012.06.22 07:03:06.381,0.80853,0.80882,2.25,2.25
2012.06.22 07:03:07.281,0.80853,0.80882,3.00,2.25
2012.06.22 07:03:07.801,0.80855,0.8089,3.00,3.00
2012.06.22 07:03:07.872,0.80855,0.80888,3.00,1.13
2012.06.22 07:03:08.133,0.80855,0.8089,3.38,2.63
2012.06.22 07:03:08.261,0.80859,0.80893,3.00,1.13
2012.06.22 07:03:08.951,0.80859,0.80893,2.25,1.13
2012.06.22 07:03:09.551,0.80856,0.80889,2.25,3.00
2012.06.22 07:03:10.332,0.80856,0.80889,2.25,3.00
2012.06.22 07:03:11.933,0.80856,0.80888,2.25,1.13
2012.06.22 07:03:12.371,0.80856,0.80888,3.00,1.13
2012.06.22 07:03:13.042,0.80857,0.80889,1.13,3.00
2012.06.22 07:03:13.111,0.8086,0.80893,2.25,3.00
2012.06.22 07:03:13.241,0.8086,0.80893,3.00,2.25
2012.06.22 07:03:13.396,0.80867,0.80894,2.25,1.13
2012.06.22 07:03:13.802,0.80867,0.80896,2.25,3.00
2012.06.22 07:03:13.871,0.80865,0.80894,2.25,2.48
2012.06.22 07:03:14.155,0.80857,0.80888,3.00,2.25
2012.06.22 07:03:14.679,0.80862,0.80891,2.25,1.35
2012.06.22 07:03:14.746,0.80858,0.80889,2.25,3.38
2012.06.22 07:03:15.335,0.80858,0.80889,2.25,3.00
2012.06.22 07:03:15.829,0.80863,0.80892,2.25,2.85
2012.06.22 07:03:17.161,0.80863,0.80891,2.25,1.65
2012.06.22 07:03:17.531,0.80858,0.80887,2.63,2.25
2012.06.22 07:03:18.263,0.80861,0.80892,2.25,3.00
2012.06.22 07:03:18.614,0.80866,0.80893,2.25,1.05
2012.06.22 07:03:18.862,0.8086,0.80891,2.25,3.30
2012.06.22 07:03:18.992,0.80865,0.8089,2.25,1.05
2012.06.22 07:03:19.087,0.8086,0.8089,2.25,1.05
2012.06.22 07:03:19.881,0.8086,0.80889,2.25,1.43
2012.06.22 07:03:22.017,0.8086,0.80889,2.25,1.05
2012.06.22 07:03:22.471,0.8086,0.80889,2.25,1.05
2012.06.22 07:03:25.399,0.80865,0.80885,2.25,1.05
2012.06.22 07:03:25.519,0.80855,0.80884,2.25,3.30
2012.06.22 07:03:25.713,0.80855,0.80883,2.25,1.05
2012.06.22 07:03:26.640,0.80855,0.80883,2.25,1.05
2012.06.22 07:03:27.607,0.80855,0.80883,2.25,1.05
2012.06.22 07:03:28.046,0.80848,0.80877,2.25,2.25
2012.06.22 07:03:28.631,0.80848,0.80877,2.25,3.00
2012.06.22 07:03:28.965,0.80848,0.80877,2.25,2.25
2012.06.22 07:03:29.184,0.80848,0.80877,2.25,3.00
2012.06.22 07:03:29.249,0.80843,0.80874,2.63,3.00
2012.06.22 07:03:31.041,0.80843,0.80874,2.63,3.00
2012.06.22 07:03:31.874,0.80843,0.80874,2.63,3.00
2012.06.22 07:03:32.531,0.80843,0.80874,2.63,3.00
2012.06.22 07:03:32.718,0.80843,0.80874,2.63,3.00
2012.06.22 07:03:33.869,0.80843,0.80874,2.63,3.00
2012.06.22 07:03:34.224,0.80843,0.80874,2.63,3.00
2012.06.22 07:03:35.385,0.80843,0.80874,2.63,3.30
2012.06.22 07:03:35.532,0.80843,0.80874,4.50,3.30
2012.06.22 07:03:36.895,0.80847,0.80878,2.63,3.15
2012.06.22 07:03:36.968,0.80847,0.80874,2.25,1.35
2012.06.22 07:03:37.047,0.80843,0.80874,2.63,3.60
2012.06.22 07:03:37.170,0.80842,0.80871,2.63,2.25
2012.06.22 07:03:37.705,0.8084,0.80871,2.63,3.00
2012.06.22 07:03:38.182,0.8084,0.80871,2.63,3.00
2012.06.22 07:03:38.253,0.8084,0.80871,2.63,3.00
2012.06.22 07:03:38.641,0.80845,0.80874,2.25,3.00
2012.06.22 07:03:38.832,0.80849,0.80878,2.25,3.00
2012.06.22 07:03:41.122,0.80849,0.80878,2.25,3.00
2012.06.22 07:03:43.566,0.80843,0.80874,2.63,3.00
2012.06.22 07:03:44.157,0.80843,0.80874,2.63,3.00
2012.06.22 07:03:44.663,0.80846,0.80874,1.13,2.25
2012.06.22 07:03:45.122,0.80846,0.80874,1.50,2.25
2012.06.22 07:03:45.363,0.80849,0.80878,2.63,2.25
2012.06.22 07:03:47.261,0.80849,0.80878,2.25,2.25
2012.06.22 07:03:48.583,0.80849,0.80878,2.63,3.00
2012.06.22 07:03:48.980,0.80849,0.80878,2.63,3.00
2012.06.22 07:03:49.244,0.80849,0.80878,2.25,3.00
2012.06.22 07:03:50.893,0.80844,0.80874,2.25,3.00
2012.06.22 07:03:51.710,0.80847,0.80878,2.63,2.25
2012.06.22 07:03:51.910,0.80847,0.80878,3.00,2.25
2012.06.22 07:03:52.605,0.80851,0.80882,2.25,3.38
2012.06.22 07:03:52.912,0.80846,0.80875,2.25,1.35
2012.06.22 07:03:53.591,0.80846,0.80865,3.00,2.25
2012.06.22 07:03:53.654,0.80851,0.80879,2.25,1.50
2012.06.22 07:03:53.787,0.80851,0.8088,2.25,3.00
2012.06.22 07:03:53.926,0.80845,0.80877,1.13,2.55
2012.06.22 07:03:54.053,0.80838,0.80866,1.35,2.25
2012.06.22 07:03:54.952,0.80835,0.80866,3.38,2.25
2012.06.22 07:03:55.309,0.80834,0.8086,1.13,2.25
2012.06.22 07:03:56.562,0.80831,0.8086,3.98,2.25
2012.06.22 07:03:56.670,0.80834,0.8086,1.13,2.25
2012.06.22 07:03:57.051,0.80832,0.8086,1.13,2.25
2012.06.22 07:03:57.440,0.80834,0.8086,1.13,2.25
2012.06.22 07:03:57.545,0.80831,0.8086,3.38,2.25
2012.06.22 07:03:57.861,0.80834,0.8086,1.13,2.25
2012.06.22 07:03:58.051,0.80843,0.80871,2.25,2.10
2012.06.22 07:03:58.360,0.80843,0.80868,2.25,1.35
2012.06.22 07:03:58.862,0.80827,0.8086,3.00,2.25
2012.06.22 07:03:58.933,0.80827,0.8086,3.00,3.60
2012.06.22 07:03:59.001,0.80826,0.80854,1.13,2.25
2012.06.22 07:03:59.282,0.80826,0.80861,3.38,3.15
2012.06.22 07:03:59.383,0.80826,0.80861,3.38,3.15
2012.06.22 07:03:59.452,0.80826,0.80854,1.13,2.25
2012.06.22 07:03:59.726,0.80823,0.8085,1.13,2.25
2012.06.22 07:04:00.040,0.80824,0.80853,3.00,2.63
2012.06.22 07:04:00.126,0.80824,0.80853,2.25,3.38
2012.06.22 07:04:00.377,0.80824,0.80853,2.63,3.00
2012.06.22 07:04:00.521,0.80826,0.80858,3.38,2.25
2012.06.22 07:04:01.019,0.80826,0.80858,3.00,2.25
2012.06.22 07:04:01.667,0.80824,0.80853,3.00,2.25
2012.06.22 07:04:01.740,0.80824,0.80853,3.00,2.25
2012.06.22 07:04:02.151,0.80824,0.80853,3.00,2.25
2012.06.22 07:04:02.282,0.80824,0.80853,3.00,2.25
2012.06.22 07:04:02.367,0.80819,0.8085,3.75,2.25
2012.06.22 07:04:02.671,0.80826,0.80864,1.35,2.25
2012.06.22 07:04:03.175,0.80827,0.80858,3.38,2.25
2012.06.22 07:04:03.481,0.80834,0.80854,1.13,2.25
2012.06.22 07:04:03.615,0.80838,0.80868,2.25,1.13
2012.06.22 07:04:04.372,0.80833,0.80856,1.35,2.25
2012.06.22 07:04:04.516,0.80831,0.80856,1.13,2.25
2012.06.22 07:04:04.581,0.80831,0.80856,1.13,2.25
2012.06.22 07:04:04.794,0.80831,0.80856,1.13,2.25
2012.06.22 07:04:05.054,0.80827,0.80856,1.13,2.25
2012.06.22 07:04:05.127,0.80827,0.80856,1.13,2.25
2012.06.22 07:04:05.337,0.80827,0.80856,1.13,2.25
2012.06.22 07:04:05.447,0.80827,0.80856,1.13,2.25
2012.06.22 07:04:05.770,0.80827,0.80856,1.13,2.25
2012.06.22 07:04:06.761,0.8083,0.80863,3.38,2.25
2012.06.22 07:04:06.944,0.80834,0.80863,1.13,2.25
2012.06.22 07:04:07.985,0.8083,0.80863,3.38,2.25
2012.06.22 07:04:08.096,0.8083,0.80863,3.38,2.25
2012.06.22 07:04:09.129,0.8083,0.80863,3.38,2.25
2012.06.22 07:04:09.489,0.80831,0.80863,3.00,2.25
2012.06.22 07:04:09.797,0.8083,0.80855,1.13,2.25
2012.06.22 07:04:10.491,0.8083,0.80855,1.13,2.25
2012.06.22 07:04:10.560,0.8083,0.8086,1.13,2.25
2012.06.22 07:04:10.674,0.80829,0.8086,2.63,3.00
2012.06.22 07:04:11.181,0.80827,0.80855,1.13,2.25
2012.06.22 07:04:11.615,0.80827,0.80855,1.13,2.25
2012.06.22 07:04:12.950,0.80827,0.80855,1.13,2.25
2012.06.22 07:04:13.595,0.80828,0.80855,1.13,2.25
2012.06.22 07:04:14.011,0.80826,0.80855,3.38,2.25
2012.06.22 07:04:15.150,0.80826,0.80852,1.13,2.25
2012.06.22 07:04:15.270,0.80826,0.80856,1.13,2.25
2012.06.22 07:04:15.485,0.80822,0.80852,1.13,2.25
2012.06.22 07:04:15.886,0.80822,0.80852,1.13,2.25
2012.06.22 07:04:15.951,0.80825,0.80856,3.00,2.25
2012.06.22 07:04:16.470,0.80828,0.80852,1.13,2.25
2012.06.22 07:04:16.875,0.80824,0.80852,1.13,2.25
2012.06.22 07:04:17.263,0.80824,0.80852,1.13,2.25
2012.06.22 07:04:18.395,0.80828,0.80855,1.35,2.25
2012.06.22 07:04:18.632,0.80828,0.80855,1.35,2.25
2012.06.22 07:04:18.890,0.80829,0.80855,1.13,2.25
2012.06.22 07:04:19.982,0.80829,0.80855,1.13,2.25
2012.06.22 07:04:20.381,0.80829,0.80855,1.13,2.25
2012.06.22 07:04:20.635,0.80829,0.8086,3.38,2.25
2012.06.22 07:04:21.201,0.80829,0.8086,3.38,2.25
2012.06.22 07:04:22.360,0.80831,0.8086,1.13,2.25
2012.06.22 07:04:22.492,0.80828,0.80854,1.35,2.25
2012.06.22 07:04:22.791,0.80835,0.80864,2.25,2.25
2012.06.22 07:04:23.172,0.80835,0.80864,3.00,2.25
2012.06.22 07:04:23.634,0.8083,0.80859,3.00,2.25
2012.06.22 07:04:23.944,0.80828,0.80856,1.13,2.25
2012.06.22 07:04:24.665,0.80825,0.80856,3.00,2.25
2012.06.22 07:04:24.885,0.80825,0.80856,3.00,2.25
2012.06.22 07:04:25.940,0.80825,0.80856,3.00,2.63
2012.06.22 07:04:26.012,0.80822,0.80845,1.13,2.25
2012.06.22 07:04:27.496,0.80819,0.80845,1.13,2.25
2012.06.22 07:04:27.667,0.80819,0.80845,1.13,2.25
2012.06.22 07:04:27.730,0.80823,0.80854,3.00,2.25
2012.06.22 07:04:29.180,0.80823,0.80854,3.00,2.63
2012.06.22 07:04:29.510,0.8082,0.80851,1.13,2.25
2012.06.22 07:04:29.582,0.8082,0.80851,1.13,2.25
2012.06.22 07:04:29.781,0.80824,0.80853,3.00,2.25
2012.06.22 07:04:32.813,0.80824,0.80853,3.00,2.25
2012.06.22 07:04:33.153,0.80824,0.80853,3.00,2.25
2012.06.22 07:04:33.281,0.80822,0.8085,1.13,2.25
2012.06.22 07:04:33.596,0.80817,0.80846,1.73,2.25
2012.06.22 07:04:33.981,0.80817,0.80845,1.35,2.25
2012.06.22 07:04:34.213,0.80816,0.80845,3.38,2.25
2012.06.22 07:04:34.282,0.8082,0.80851,3.00,2.63
2012.06.22 07:04:34.696,0.8082,0.80851,3.00,2.63
2012.06.22 07:04:34.960,0.8082,0.80853,3.00,2.63
2012.06.22 07:04:35.550,0.80825,0.80856,3.00,2.25
2012.06.22 07:04:35.750,0.8082,0.80854,1.13,2.25
2012.06.22 07:04:36.312,0.80825,0.80856,3.00,2.25
2012.06.22 07:04:36.504,0.80825,0.80856,3.00,2.25
2012.06.22 07:04:36.898,0.80826,0.80856,1.13,2.25
2012.06.22 07:04:37.164,0.80825,0.80856,3.00,2.63
2012.06.22 07:04:37.229,0.8082,0.80845,1.13,2.25
2012.06.22 07:04:38.922,0.80816,0.80845,3.00,2.25
2012.06.22 07:04:38.998,0.8081,0.80841,3.75,2.25
2012.06.22 07:04:39.504,0.80815,0.80846,3.00,2.63
2012.06.22 07:04:40.686,0.80815,0.80846,3.00,2.25
2012.06.22 07:04:42.107,0.80815,0.80846,3.00,2.63
2012.06.22 07:04:42.310,0.80811,0.8084,3.00,2.25
2012.06.22 07:04:43.519,0.80815,0.80846,3.00,2.25
2012.06.22 07:04:44.423,0.80815,0.80846,3.00,2.25
2012.06.22 07:04:45.191,0.80815,0.80846,3.00,2.25
2012.06.22 07:04:45.418,0.80815,0.80846,3.00,2.25
2012.06.22 07:04:46.462,0.80815,0.80846,3.00,2.25
2012.06.22 07:04:47.133,0.80815,0.80846,3.00,2.25
2012.06.22 07:04:47.205,0.80815,0.80846,3.00,2.25
2012.06.22 07:04:47.272,0.80815,0.80846,3.00,2.25
2012.06.22 07:04:47.341,0.80815,0.80846,3.00,2.25
2012.06.22 07:04:47.473,0.80815,0.80846,3.00,2.25
2012.06.22 07:04:47.540,0.80815,0.80846,3.00,2.25
2012.06.22 07:04:47.913,0.80815,0.80846,3.00,2.25
2012.06.22 07:04:48.131,0.80815,0.80846,3.00,2.25
2012.06.22 07:04:48.684,0.80816,0.80846,1.13,2.25
2012.06.22 07:04:48.901,0.80817,0.80846,1.13,2.25
2012.06.22 07:04:50.394,0.80815,0.80846,3.00,2.25
2012.06.22 07:04:51.652,0.80815,0.80846,3.00,2.25
2012.06.22 07:04:52.258,0.80812,0.80844,1.13,2.25
2012.06.22 07:04:52.421,0.80812,0.80844,1.13,2.25
2012.06.22 07:04:52.640,0.80812,0.80844,1.13,2.25
2012.06.22 07:04:52.711,0.8082,0.80851,3.00,2.63
2012.06.22 07:04:53.038,0.80818,0.80846,1.35,2.25
2012.06.22 07:04:53.413,0.8082,0.80851,3.38,2.25
2012.06.22 07:04:53.740,0.80815,0.80844,1.13,2.25
2012.06.22 07:04:53.961,0.80815,0.80844,1.13,2.25
2012.06.22 07:04:54.461,0.80812,0.80844,1.35,2.25
2012.06.22 07:04:55.257,0.80812,0.80844,1.35,2.63
2012.06.22 07:04:55.451,0.80817,0.80844,1.13,2.25
2012.06.22 07:04:55.591,0.80821,0.8085,3.00,2.25
2012.06.22 07:04:55.830,0.80822,0.80845,1.13,2.25
2012.06.22 07:04:56.492,0.80817,0.80845,1.13,2.25
2012.06.22 07:04:58.014,0.80816,0.80845,3.00,2.25
2012.06.22 07:04:58.450,0.80813,0.8084,1.13,2.25
2012.06.22 07:04:58.692,0.80811,0.8084,1.13,2.25
2012.06.22 07:04:58.821,0.80811,0.8084,1.13,2.25
2012.06.22 07:04:58.951,0.80809,0.8084,3.00,2.63
2012.06.22 07:04:59.388,0.80808,0.80828,1.13,2.25
2012.06.22 07:05:01.622,0.80805,0.80834,3.00,2.25
2012.06.22 07:05:01.693,0.80805,0.80834,3.00,2.25
2012.06.22 07:05:02.336,0.80809,0.8084,3.00,2.63
2012.06.22 07:05:02.584,0.80806,0.80835,3.00,2.25
2012.06.22 07:05:03.078,0.80804,0.80827,1.13,2.25
2012.06.22 07:05:03.811,0.80806,0.80833,1.13,2.25
2012.06.22 07:05:03.952,0.80808,0.80837,3.00,2.25
2012.06.22 07:05:04.664,0.80809,0.80837,1.13,2.25
2012.06.22 07:05:05.172,0.80809,0.80838,1.13,2.25
2012.06.22 07:05:05.242,0.80809,0.80836,1.13,2.25
2012.06.22 07:05:05.899,0.80812,0.80843,3.00,3.00
2012.06.22 07:05:05.962,0.80812,0.80843,3.00,3.38
2012.06.22 07:05:06.281,0.80805,0.80836,1.13,2.25
2012.06.22 07:05:08.191,0.80805,0.80836,1.13,2.63
2012.06.22 07:05:08.413,0.80807,0.80838,3.00,2.25
2012.06.22 07:05:09.099,0.80804,0.80835,1.13,2.25
2012.06.22 07:05:09.442,0.80808,0.80837,3.38,2.25
2012.06.22 07:05:09.762,0.80808,0.80837,3.38,2.25
2012.06.22 07:05:09.971,0.80808,0.80837,3.38,2.25
2012.06.22 07:05:10.192,0.80812,0.80837,1.13,2.25
2012.06.22 07:05:10.262,0.80812,0.80843,3.38,2.25
2012.06.22 07:05:11.380,0.80818,0.80849,3.00,2.25
2012.06.22 07:05:11.720,0.80823,0.80849,1.35,2.25
2012.06.22 07:05:11.849,0.80823,0.80856,1.35,2.25
2012.06.22 07:05:11.969,0.80822,0.80856,1.35,3.00
2012.06.22 07:05:12.200,0.80821,0.80856,3.00,2.25
2012.06.22 07:05:12.441,0.80822,0.80851,1.13,2.25
2012.06.22 07:05:12.737,0.80825,0.80854,2.25,2.25
2012.06.22 07:05:13.020,0.80828,0.80863,2.25,3.38
2012.06.22 07:05:13.092,0.80828,0.80863,2.25,3.00
2012.06.22 07:05:13.265,0.80828,0.80863,3.00,2.25
2012.06.22 07:05:13.906,0.80828,0.80863,2.25,2.25
2012.06.22 07:05:14.031,0.80825,0.80855,1.13,2.25
2012.06.22 07:05:14.679,0.80825,0.80855,1.13,2.25
2012.06.22 07:05:15.433,0.80824,0.80855,2.63,3.00
2012.06.22 07:05:15.941,0.80824,0.80855,2.25,3.00
2012.06.22 07:05:16.011,0.80821,0.80852,1.13,2.25
2012.06.22 07:05:16.656,0.80817,0.80852,3.60,3.00
2012.06.22 07:05:17.000,0.80818,0.80844,1.73,2.25
2012.06.22 07:05:17.310,0.80815,0.80844,3.00,2.25
2012.06.22 07:05:17.381,0.80814,0.80842,1.13,2.25
2012.06.22 07:05:17.912,0.80819,0.80848,3.38,2.25
2012.06.22 07:05:18.100,0.80822,0.80855,3.38,3.00
2012.06.22 07:05:18.195,0.80822,0.80855,3.38,2.25
2012.06.22 07:05:18.556,0.80822,0.80855,3.00,2.63
2012.06.22 07:05:18.837,0.80822,0.80855,3.00,2.63
2012.06.22 07:05:19.647,0.80822,0.80855,3.00,3.00
2012.06.22 07:05:19.981,0.80821,0.80853,3.00,1.13
2012.06.22 07:05:20.169,0.80821,0.80856,3.00,2.63
2012.06.22 07:05:20.991,0.80821,0.80856,3.38,2.25
2012.06.22 07:05:21.786,0.80821,0.80856,3.00,2.63
2012.06.22 07:05:22.980,0.80821,0.80855,3.00,1.13
2012.06.22 07:05:23.050,0.80817,0.80852,3.75,2.25
2012.06.22 07:05:23.391,0.80817,0.80852,3.75,2.25
2012.06.22 07:05:23.872,0.80817,0.80847,1.50,2.25
2012.06.22 07:05:24.165,0.80817,0.80847,1.50,2.25
2012.06.22 07:05:24.314,0.80817,0.80852,3.38,2.25
2012.06.22 07:05:24.829,0.80821,0.80848,1.13,2.25
2012.06.22 07:05:25.566,0.80814,0.80842,1.35,2.25
2012.06.22 07:05:25.873,0.80814,0.80842,1.35,2.25
2012.06.22 07:05:26.080,0.80814,0.80842,1.35,2.25
2012.06.22 07:05:26.362,0.80814,0.80842,1.35,2.25
2012.06.22 07:05:28.486,0.80812,0.80842,1.13,2.25
2012.06.22 07:05:28.605,0.80812,0.80842,1.50,2.25
2012.06.22 07:05:28.800,0.8082,0.80849,2.25,3.00
2012.06.22 07:05:29.323,0.80816,0.80845,3.00,2.25
2012.06.22 07:05:31.172,0.80816,0.80845,2.25,3.00
2012.06.22 07:05:31.300,0.80811,0.80842,3.38,2.25
2012.06.22 07:05:31.500,0.80812,0.80842,1.13,2.25
2012.06.22 07:05:31.570,0.80815,0.80846,3.00,2.25
2012.06.22 07:05:32.760,0.80814,0.80842,1.13,2.25
2012.06.22 07:05:33.230,0.80813,0.80842,1.13,2.25
2012.06.22 07:05:33.315,0.80816,0.80845,3.00,2.25
2012.06.22 07:05:34.641,0.80816,0.80845,3.00,2.25
2012.06.22 07:05:34.982,0.80817,0.80845,1.73,2.25
2012.06.22 07:05:35.062,0.8082,0.80851,3.00,2.25
2012.06.22 07:05:35.332,0.80817,0.80846,1.35,2.25
2012.06.22 07:05:35.680,0.80817,0.80841,1.35,2.25
2012.06.22 07:05:36.952,0.80812,0.80841,3.38,2.25
2012.06.22 07:05:37.111,0.80816,0.80845,3.00,2.25
2012.06.22 07:05:37.180,0.80816,0.80845,3.00,2.25
2012.06.22 07:05:38.199,0.80816,0.80845,3.00,2.25
2012.06.22 07:05:39.162,0.80816,0.80845,3.00,2.25
2012.06.22 07:05:40.962,0.80816,0.80845,3.00,2.25
2012.06.22 07:05:41.393,0.80812,0.80841,3.60,2.25
2012.06.22 07:05:41.704,0.80809,0.80838,1.13,2.25
2012.06.22 07:05:41.964,0.80819,0.80848,3.00,2.25
2012.06.22 07:05:42.092,0.80819,0.80848,3.00,2.25
2012.06.22 07:05:42.329,0.80815,0.80844,3.00,2.25
2012.06.22 07:05:42.553,0.80821,0.80856,3.00,3.00
2012.06.22 07:05:42.991,0.80821,0.80854,3.00,1.13
2012.06.22 07:05:43.063,0.80818,0.80851,3.00,2.25
2012.06.22 07:05:43.432,0.80824,0.80852,1.13,2.25
2012.06.22 07:05:43.502,0.80824,0.80856,1.13,2.25
2012.06.22 07:05:43.698,0.80824,0.80856,1.13,2.25
2012.06.22 07:05:43.815,0.80824,0.80856,1.13,2.25
2012.06.22 07:05:43.922,0.80824,0.80856,1.13,2.25
2012.06.22 07:05:44.139,0.80821,0.80856,3.60,3.38
2012.06.22 07:05:44.551,0.80821,0.80854,3.00,1.13
2012.06.22 07:05:45.032,0.8082,0.80848,1.13,2.25
2012.06.22 07:05:45.496,0.80821,0.80852,2.25,2.25
2012.06.22 07:05:45.916,0.80821,0.80852,2.63,2.25
2012.06.22 07:05:46.423,0.80817,0.80845,1.13,2.25
2012.06.22 07:05:46.853,0.80816,0.80845,3.38,2.25
2012.06.22 07:05:47.195,0.80817,0.80845,1.13,2.25
2012.06.22 07:05:47.415,0.80816,0.80845,3.38,2.25
2012.06.22 07:05:47.964,0.80816,0.80845,3.38,2.25
2012.06.22 07:05:48.611,0.80816,0.80845,3.38,2.25
2012.06.22 07:05:49.214,0.80826,0.80855,3.00,2.25
2012.06.22 07:05:49.832,0.80826,0.80855,3.38,2.25
2012.06.22 07:05:50.301,0.80826,0.80852,1.13,2.25
2012.06.22 07:05:50.492,0.80825,0.8086,3.00,2.63
2012.06.22 07:05:50.565,0.80825,0.80858,3.00,1.13
2012.06.22 07:05:50.692,0.80825,0.8086,3.00,2.63
2012.06.22 07:05:50.768,0.80825,0.8086,3.00,2.25
2012.06.22 07:05:50.830,0.80824,0.80855,1.13,2.25
2012.06.22 07:05:51.491,0.80822,0.80855,3.38,2.25
2012.06.22 07:05:52.231,0.80826,0.80859,3.38,2.25
2012.06.22 07:05:52.932,0.80826,0.80859,3.75,2.25
2012.06.22 07:05:53.061,0.80832,0.80863,2.63,2.25
2012.06.22 07:05:54.401,0.80832,0.80863,2.63,2.25
2012.06.22 07:05:54.530,0.80838,0.80867,2.25,2.25
2012.06.22 07:05:55.057,0.80838,0.80867,2.63,2.25
2012.06.22 07:05:56.143,0.80838,0.80867,2.63,3.00
2012.06.22 07:05:56.211,0.80838,0.80867,2.63,2.25
2012.06.22 07:05:56.281,0.80838,0.80867,2.25,2.25
2012.06.22 07:05:56.434,0.80838,0.80867,2.25,3.00
2012.06.22 07:05:56.742,0.80831,0.80856,1.13,2.25
2012.06.22 07:05:57.315,0.80827,0.80856,1.13,2.25
2012.06.22 07:05:57.420,0.80827,0.80856,1.13,2.25
2012.06.22 07:05:57.673,0.80832,0.80863,1.13,2.25
2012.06.22 07:05:57.861,0.80831,0.80863,1.13,2.25
2012.06.22 07:05:58.134,0.80831,0.80868,1.13,2.63
2012.06.22 07:05:58.264,0.80832,0.80868,1.13,2.63
2012.06.22 07:05:59.039,0.80831,0.80867,3.00,2.63
2012.06.22 07:06:00.273,0.80831,0.80867,3.00,2.63
2012.06.22 07:06:01.093,0.80839,0.80868,2.25,2.25
2012.06.22 07:06:01.455,0.80839,0.80868,3.00,2.25
2012.06.22 07:06:02.793,0.80839,0.80868,2.25,3.00
2012.06.22 07:06:02.860,0.80839,0.80868,3.00,2.25
2012.06.22 07:06:02.946,0.80839,0.80868,2.25,2.25
2012.06.22 07:06:03.927,0.80839,0.80868,3.00,2.25
2012.06.22 07:06:04.412,0.80839,0.80868,2.25,3.00
2012.06.22 07:06:04.697,0.80839,0.80868,3.00,2.25
2012.06.22 07:06:05.123,0.80848,0.80877,2.25,1.13
2012.06.22 07:06:05.251,0.80842,0.80877,3.00,3.38
2012.06.22 07:06:05.631,0.80842,0.80874,3.75,1.13
2012.06.22 07:06:06.209,0.80848,0.80877,1.13,2.25
2012.06.22 07:06:06.501,0.80842,0.80872,1.13,2.25
2012.06.22 07:06:06.744,0.80839,0.80872,3.00,2.25
2012.06.22 07:06:07.430,0.80839,0.80872,3.00,2.63
2012.06.22 07:06:07.563,0.80838,0.80869,3.60,2.25
2012.06.22 07:06:07.632,0.80842,0.80873,3.00,1.50
2012.06.22 07:06:07.761,0.80842,0.80876,3.38,1.13
2012.06.22 07:06:08.012,0.80842,0.80873,3.00,1.13
2012.06.22 07:06:08.142,0.80838,0.80869,2.25,3.00
2012.06.22 07:06:08.210,0.80838,0.80869,2.25,3.38
2012.06.22 07:06:08.523,0.80834,0.80863,1.73,2.25
2012.06.22 07:06:08.664,0.80834,0.80863,1.73,2.25
2012.06.22 07:06:08.731,0.80838,0.80867,2.25,2.25
2012.06.22 07:06:09.448,0.80838,0.80867,3.00,2.25
2012.06.22 07:06:09.704,0.80843,0.80872,2.25,2.25
2012.06.22 07:06:09.880,0.80843,0.80872,3.00,2.25
2012.06.22 07:06:10.010,0.80843,0.80876,3.00,2.63
2012.06.22 07:06:10.142,0.80843,0.80876,2.25,3.38
2012.06.22 07:06:10.426,0.80843,0.80876,3.00,2.63
2012.06.22 07:06:11.138,0.80843,0.80876,3.00,2.63
2012.06.22 07:06:11.794,0.80843,0.80876,3.00,2.25
2012.06.22 07:06:11.933,0.80843,0.80876,2.25,3.00
2012.06.22 07:06:12.124,0.80843,0.80874,2.25,1.13
2012.06.22 07:06:12.638,0.80843,0.80876,3.00,3.00
2012.06.22 07:06:12.777,0.80843,0.80876,3.00,2.25
2012.06.22 07:06:13.023,0.80849,0.80878,2.25,2.63
2012.06.22 07:06:14.687,0.80849,0.80878,3.00,2.25
2012.06.22 07:06:14.804,0.80849,0.80878,2.25,3.00
2012.06.22 07:06:15.347,0.80849,0.80878,3.00,2.25
2012.06.22 07:06:16.027,0.80849,0.80878,2.25,2.25
2012.06.22 07:06:16.092,0.80843,0.80876,3.00,2.63
2012.06.22 07:06:16.780,0.80843,0.80876,3.00,2.63
2012.06.22 07:06:17.404,0.80843,0.80876,3.00,2.25
2012.06.22 07:06:17.813,0.80846,0.80883,1.13,1.13
2012.06.22 07:06:17.887,0.80844,0.80883,3.38,1.50
2012.06.22 07:06:18.383,0.80849,0.80876,1.13,2.25
2012.06.22 07:06:18.707,0.80849,0.80879,1.13,2.25
2012.06.22 07:06:20.636,0.80847,0.80879,1.13,3.00
2012.06.22 07:06:20.747,0.80849,0.80879,1.13,2.25
2012.06.22 07:06:23.603,0.80848,0.80888,1.13,3.38
2012.06.22 07:06:23.674,0.80847,0.80884,1.50,1.13
2012.06.22 07:06:24.204,0.80847,0.80884,1.13,1.13
2012.06.22 07:06:24.442,0.80847,0.80887,1.50,1.13
2012.06.22 07:06:26.643,0.80847,0.80888,3.00,3.75
2012.06.22 07:06:26.980,0.80847,0.80883,3.00,1.13
2012.06.22 07:06:27.111,0.80846,0.80878,1.13,3.00
2012.06.22 07:06:27.822,0.80847,0.80878,1.50,3.00
2012.06.22 07:06:27.890,0.80845,0.80878,3.00,3.00
2012.06.22 07:06:28.413,0.80845,0.80878,2.25,3.00
2012.06.22 07:06:28.634,0.80845,0.80878,3.00,2.25
2012.06.22 07:06:28.702,0.80845,0.80878,2.25,3.00
2012.06.22 07:06:29.691,0.80845,0.80874,2.25,1.13
2012.06.22 07:06:29.910,0.80845,0.80874,2.25,1.13
2012.06.22 07:06:30.609,0.80841,0.80874,2.25,3.00
2012.06.22 07:06:31.154,0.80838,0.80871,1.13,2.25
2012.06.22 07:06:31.369,0.80836,0.80871,3.38,2.25
2012.06.22 07:06:31.432,0.80841,0.80874,2.25,3.00
2012.06.22 07:06:33.785,0.80841,0.80874,2.63,3.00
2012.06.22 07:06:35.142,0.80841,0.80874,3.38,2.25
2012.06.22 07:06:35.655,0.80841,0.80874,3.38,2.25
2012.06.22 07:06:36.011,0.80838,0.80871,1.13,2.25
2012.06.22 07:06:37.339,0.8084,0.80871,1.13,2.25
2012.06.22 07:06:38.418,0.80839,0.80871,1.13,2.25
2012.06.22 07:06:39.186,0.80842,0.80871,1.13,2.25
2012.06.22 07:06:39.379,0.80842,0.80876,3.38,1.35
2012.06.22 07:06:39.440,0.80843,0.80877,1.13,3.23
2012.06.22 07:06:40.003,0.80843,0.80877,1.13,2.25
2012.06.22 07:06:40.471,0.8085,0.80879,3.00,2.25
2012.06.22 07:06:40.823,0.80845,0.80876,3.00,2.25
2012.06.22 07:06:41.343,0.80843,0.80882,2.25,3.68
2012.06.22 07:06:41.671,0.80841,0.80874,1.13,3.00
2012.06.22 07:06:41.914,0.80841,0.80872,2.63,3.00
2012.06.22 07:06:42.610,0.80836,0.8087,1.13,3.00
2012.06.22 07:06:42.742,0.80836,0.8087,1.13,2.25
2012.06.22 07:06:42.814,0.80839,0.80873,3.00,2.63
2012.06.22 07:06:42.883,0.80839,0.80873,2.25,3.00
2012.06.22 07:06:43.221,0.80836,0.80865,3.75,2.25
2012.06.22 07:06:43.528,0.80842,0.80869,1.13,2.25
2012.06.22 07:06:43.853,0.80841,0.80869,1.13,2.25
2012.06.22 07:06:44.481,0.8084,0.80869,3.00,2.25
2012.06.22 07:06:44.739,0.80837,0.80867,1.13,2.25
2012.06.22 07:06:44.884,0.80837,0.80867,1.13,2.25
2012.06.22 07:06:45.214,0.80837,0.80867,1.13,2.63
2012.06.22 07:06:45.283,0.80837,0.80862,1.13,2.25
2012.06.22 07:06:45.514,0.80835,0.80872,1.13,2.63
2012.06.22 07:06:45.872,0.80831,0.80871,1.88,1.13
2012.06.22 07:06:46.195,0.80835,0.80872,1.13,2.63
2012.06.22 07:06:46.615,0.80836,0.80872,1.13,2.63
2012.06.22 07:06:47.142,0.80836,0.80872,1.13,2.25
2012.06.22 07:06:47.712,0.80833,0.80872,1.13,3.00
2012.06.22 07:06:47.995,0.80836,0.80862,1.13,2.25
2012.06.22 07:06:48.656,0.80835,0.80862,1.13,2.25
2012.06.22 07:06:49.272,0.80833,0.80862,3.00,2.25
2012.06.22 07:06:49.421,0.80833,0.80866,3.00,2.63
2012.06.22 07:06:49.691,0.80839,0.8087,3.00,2.63
2012.06.22 07:06:49.968,0.80839,0.8087,2.25,3.00
2012.06.22 07:06:50.053,0.80833,0.80867,1.13,2.25
2012.06.22 07:06:50.155,0.80833,0.80867,1.13,2.25
2012.06.22 07:06:51.496,0.80836,0.80871,3.00,3.00
2012.06.22 07:06:51.625,0.80836,0.80871,3.00,3.75
2012.06.22 07:06:51.894,0.80836,0.80871,2.25,3.38
2012.06.22 07:06:52.355,0.80836,0.80871,3.00,3.38
2012.06.22 07:06:52.603,0.80833,0.80866,3.38,2.25
2012.06.22 07:06:52.672,0.80833,0.80866,2.63,2.25
2012.06.22 07:06:52.894,0.80833,0.80866,1.13,2.25
2012.06.22 07:06:54.013,0.8084,0.80869,3.00,2.25
2012.06.22 07:06:58.336,0.80843,0.80873,2.25,1.13
2012.06.22 07:06:58.402,0.80843,0.80873,2.25,1.13
2012.06.22 07:06:59.023,0.80843,0.80874,2.25,3.00
2012.06.22 07:06:59.091,0.80839,0.8087,2.63,3.00
2012.06.22 07:06:59.161,0.80841,0.8087,1.13,2.25
2012.06.22 07:07:01.188,0.80839,0.8087,3.38,2.25
2012.06.22 07:07:01.313,0.80843,0.80876,3.00,3.23
2012.06.22 07:07:01.898,0.80846,0.80874,2.25,1.13
2012.06.22 07:07:01.961,0.80841,0.80872,3.00,2.25
2012.06.22 07:07:02.433,0.80841,0.80872,2.63,3.00
2012.06.22 07:07:03.202,0.80841,0.8087,1.13,2.25
2012.06.22 07:07:03.533,0.80837,0.8087,1.50,3.00
2012.06.22 07:07:03.600,0.80836,0.8087,1.73,3.00
2012.06.22 07:07:04.374,0.80839,0.80872,2.25,1.50
2012.06.22 07:07:05.324,0.80839,0.80873,2.63,3.00
2012.06.22 07:07:05.856,0.80841,0.80873,1.13,3.00
2012.06.22 07:07:06.365,0.80838,0.80869,1.13,2.25
2012.06.22 07:07:06.517,0.80837,0.80869,1.13,3.00
2012.06.22 07:07:07.480,0.80836,0.80869,1.73,3.00
2012.06.22 07:07:07.970,0.80836,0.80862,1.73,2.25
2012.06.22 07:07:08.605,0.80831,0.80862,3.00,2.25
2012.06.22 07:07:08.832,0.80835,0.80866,3.00,2.25
2012.06.22 07:07:09.662,0.80839,0.80873,3.00,3.38
2012.06.22 07:07:09.926,0.80839,0.80873,2.63,3.00
2012.06.22 07:07:10.184,0.8084,0.80873,1.13,3.00
2012.06.22 07:07:12.451,0.80839,0.80873,3.00,3.38
2012.06.22 07:07:13.506,0.80841,0.80873,1.13,3.00
2012.06.22 07:07:14.200,0.8084,0.80873,1.13,2.63
2012.06.22 07:07:14.423,0.80846,0.80875,3.00,2.25
2012.06.22 07:07:14.810,0.80846,0.80874,2.25,1.13
2012.06.22 07:07:14.869,0.80838,0.80874,3.00,3.38
2012.06.22 07:07:17.111,0.80838,0.80874,3.00,2.63
2012.06.22 07:07:17.421,0.80851,0.8088,2.25,3.00
2012.06.22 07:07:17.493,0.80851,0.80873,2.25,1.13
2012.06.22 07:07:17.680,0.80839,0.80866,1.13,2.25
2012.06.22 07:07:17.834,0.80839,0.80873,3.38,3.00
2012.06.22 07:07:17.900,0.80839,0.80873,3.38,2.25
2012.06.22 07:07:18.005,0.80839,0.80873,3.38,2.25
2012.06.22 07:07:19.221,0.8084,0.80873,1.13,2.25
2012.06.22 07:07:19.292,0.80845,0.80876,3.00,2.25
2012.06.22 07:07:19.595,0.80845,0.80876,2.25,3.00
2012.06.22 07:07:24.974,0.80845,0.80876,3.00,2.25
2012.06.22 07:07:25.242,0.80845,0.80876,3.00,2.25
2012.06.22 07:07:28.233,0.8085,0.80883,3.00,3.00
2012.06.22 07:07:28.361,0.8085,0.80883,2.63,3.00
2012.06.22 07:07:28.432,0.8085,0.80874,2.25,1.35
2012.06.22 07:07:28.503,0.8085,0.80873,2.25,1.13
2012.06.22 07:07:28.575,0.8085,0.80873,2.25,1.50
2012.06.22 07:07:28.702,0.8085,0.80878,2.25,2.48
2012.06.22 07:07:28.850,0.8085,0.80879,2.25,1.13
2012.06.22 07:07:29.097,0.80844,0.80861,1.13,2.25
2012.06.22 07:07:29.162,0.80846,0.80875,2.25,3.00
2012.06.22 07:07:29.232,0.8084,0.80871,3.00,2.25
2012.06.22 07:07:29.402,0.8084,0.80871,3.00,2.25
2012.06.22 07:07:29.473,0.80846,0.80875,3.00,2.63
2012.06.22 07:07:29.855,0.80844,0.80873,1.13,2.25
2012.06.22 07:07:29.920,0.80841,0.80873,1.13,2.25
2012.06.22 07:07:30.712,0.80844,0.80873,1.13,2.25
2012.06.22 07:07:31.774,0.80845,0.80876,3.00,2.25
2012.06.22 07:07:32.658,0.80846,0.80876,1.13,2.25
2012.06.22 07:07:32.867,0.80846,0.80876,1.13,2.25
2012.06.22 07:07:35.151,0.80845,0.80876,3.00,2.25
2012.06.22 07:07:35.363,0.80845,0.80876,3.00,2.25
2012.06.22 07:07:35.580,0.80843,0.80874,1.13,2.25
2012.06.22 07:07:36.301,0.80845,0.80874,1.13,2.25
2012.06.22 07:07:36.692,0.80845,0.80874,1.13,2.25
2012.06.22 07:07:36.880,0.80846,0.80881,3.00,2.25
2012.06.22 07:07:37.255,0.80846,0.80881,3.38,3.00
2012.06.22 07:07:37.877,0.80848,0.80881,1.13,2.25
2012.06.22 07:07:38.286,0.80851,0.80881,2.25,3.00
2012.06.22 07:07:38.628,0.80846,0.80875,2.25,3.00
2012.06.22 07:07:38.690,0.80846,0.80875,3.00,2.25
2012.06.22 07:07:38.823,0.80844,0.8087,1.13,2.25
2012.06.22 07:07:39.531,0.80848,0.80877,2.25,2.63
2012.06.22 07:07:40.260,0.80851,0.80883,2.25,1.73
2012.06.22 07:07:40.862,0.80851,0.80884,2.25,3.00
2012.06.22 07:07:40.933,0.80848,0.80877,2.25,2.25
2012.06.22 07:07:42.056,0.80848,0.80877,2.63,2.25
2012.06.22 07:07:42.119,0.80851,0.80884,2.25,3.00
2012.06.22 07:07:42.933,0.80851,0.80884,2.25,3.38
2012.06.22 07:07:43.910,0.80851,0.80884,2.25,3.00
2012.06.22 07:07:44.964,0.80855,0.80888,3.00,2.93
2012.06.22 07:07:45.030,0.80855,0.80888,3.00,2.55
2012.06.22 07:07:46.795,0.80855,0.80888,3.00,3.00
2012.06.22 07:07:47.242,0.80855,0.80888,3.00,3.75
2012.06.22 07:07:47.397,0.8085,0.80882,3.00,2.25
2012.06.22 07:07:48.572,0.80847,0.80876,1.13,2.25
2012.06.22 07:07:49.115,0.8085,0.80882,3.00,2.25
2012.06.22 07:07:49.651,0.8085,0.80882,2.25,2.25
2012.06.22 07:07:49.852,0.80848,0.80877,2.25,2.25
2012.06.22 07:07:50.234,0.8085,0.80882,3.00,2.63
2012.06.22 07:07:50.834,0.80847,0.80878,3.00,2.25
2012.06.22 07:07:51.073,0.8085,0.80882,3.00,2.63
2012.06.22 07:07:51.803,0.8085,0.80882,3.00,2.25
2012.06.22 07:07:52.145,0.8085,0.80882,3.00,2.63
2012.06.22 07:07:52.802,0.80847,0.80875,1.13,2.25
2012.06.22 07:07:53.637,0.80847,0.80875,1.13,2.25
2012.06.22 07:07:56.126,0.80847,0.80875,1.13,2.25
2012.06.22 07:07:56.741,0.80846,0.80875,2.63,3.00
2012.06.22 07:07:56.811,0.8084,0.80871,3.00,2.25
2012.06.22 07:07:56.943,0.8084,0.80871,3.00,2.25
2012.06.22 07:07:57.116,0.8084,0.80871,3.00,2.25
2012.06.22 07:07:57.705,0.8084,0.80871,3.00,2.25
2012.06.22 07:07:58.554,0.8084,0.80871,3.00,2.25
2012.06.22 07:07:58.704,0.8084,0.80871,3.00,2.25
2012.06.22 07:07:58.958,0.8084,0.80871,3.00,2.25
2012.06.22 07:07:59.209,0.80836,0.80867,3.38,2.25
2012.06.22 07:08:01.012,0.80844,0.80873,3.00,2.25
2012.06.22 07:08:02.086,0.80846,0.80879,3.00,1.13
2012.06.22 07:08:02.519,0.80843,0.80876,3.00,2.63
2012.06.22 07:08:02.583,0.80843,0.80876,2.25,2.63
2012.06.22 07:08:02.952,0.80843,0.80876,3.00,2.63
2012.06.22 07:08:03.711,0.80849,0.80876,1.13,2.25
2012.06.22 07:08:04.192,0.80846,0.80877,1.50,2.25
2012.06.22 07:08:04.265,0.80844,0.80877,1.13,2.25
2012.06.22 07:08:05.125,0.80846,0.80877,1.50,2.25
2012.06.22 07:08:05.565,0.80842,0.80877,3.38,2.25
2012.06.22 07:08:06.144,0.80847,0.80877,1.13,2.25
2012.06.22 07:08:06.349,0.80847,0.8088,3.38,2.25
2012.06.22 07:08:07.442,0.80851,0.8088,1.13,2.25
2012.06.22 07:08:07.929,0.80846,0.80876,1.13,2.25
2012.06.22 07:08:09.473,0.80839,0.80873,3.38,2.25
2012.06.22 07:08:09.703,0.80844,0.80873,1.13,2.25
2012.06.22 07:08:10.307,0.80847,0.80873,1.13,2.25
2012.06.22 07:08:10.525,0.80848,0.80873,1.13,2.25
2012.06.22 07:08:10.882,0.80855,0.80873,1.13,2.25
2012.06.22 07:08:11.014,0.80857,0.80888,2.25,2.25
2012.06.22 07:08:11.329,0.80855,0.80883,1.13,2.25
2012.06.22 07:08:11.999,0.8085,0.80876,1.13,2.25
2012.06.22 07:08:12.124,0.80851,0.80886,3.00,3.60
2012.06.22 07:08:12.191,0.80851,0.80886,3.00,2.85
2012.06.22 07:08:15.345,0.80851,0.80886,3.38,3.00
2012.06.22 07:08:15.978,0.80851,0.80882,1.13,2.25
2012.06.22 07:08:16.065,0.80852,0.80885,3.00,2.63
2012.06.22 07:08:16.585,0.80849,0.80884,3.00,2.63
2012.06.22 07:08:16.651,0.80849,0.80884,3.00,3.38
2012.06.22 07:08:16.721,0.80844,0.80873,1.20,2.25
2012.06.22 07:08:16.793,0.80841,0.80873,1.13,2.25
2012.06.22 07:08:17.145,0.80844,0.80873,1.13,2.25
2012.06.22 07:08:20.541,0.80842,0.80873,1.20,2.25
2012.06.22 07:08:20.614,0.80846,0.80875,3.00,2.25
2012.06.22 07:08:20.800,0.80846,0.80875,3.00,2.25
2012.06.22 07:08:20.895,0.80846,0.80875,3.00,2.25
2012.06.22 07:08:21.416,0.80847,0.80875,1.13,2.25
2012.06.22 07:08:21.852,0.80847,0.8088,1.13,2.25
2012.06.22 07:08:21.921,0.80849,0.80883,2.63,1.13
2012.06.22 07:08:21.992,0.80849,0.80884,3.00,3.75
2012.06.22 07:08:22.672,0.8085,0.80884,1.13,3.00
2012.06.22 07:08:24.176,0.80849,0.80884,3.00,3.38
2012.06.22 07:08:24.503,0.80854,0.80883,2.25,2.63
2012.06.22 07:08:24.771,0.80842,0.80877,2.63,2.25
2012.06.22 07:08:24.912,0.80843,0.80877,1.58,2.25
2012.06.22 07:08:25.238,0.80848,0.80877,2.25,2.25
2012.06.22 07:08:25.844,0.80847,0.80879,1.13,2.25
2012.06.22 07:08:26.504,0.8085,0.80882,3.00,2.25
2012.06.22 07:08:26.718,0.80847,0.80876,1.13,2.25
2012.06.22 07:08:27.093,0.80844,0.80871,1.13,2.25
2012.06.22 07:08:27.160,0.8085,0.80882,3.00,2.63
2012.06.22 07:08:27.290,0.8085,0.80882,3.00,2.25
2012.06.22 07:08:27.423,0.80842,0.80871,1.13,2.25
2012.06.22 07:08:28.039,0.80847,0.80878,1.13,2.25
2012.06.22 07:08:28.569,0.80851,0.80881,3.00,2.25
2012.06.22 07:08:29.875,0.80855,0.80884,2.25,2.25
2012.06.22 07:08:30.206,0.80845,0.80873,1.13,2.25
2012.06.22 07:08:30.450,0.80843,0.80881,2.63,1.73
2012.06.22 07:08:30.683,0.80845,0.80881,1.13,1.73
2012.06.22 07:08:31.538,0.80843,0.80877,1.13,2.25
2012.06.22 07:08:32.062,0.80849,0.80878,3.00,2.25
2012.06.22 07:08:33.829,0.80849,0.80878,2.25,3.00
2012.06.22 07:08:34.023,0.80844,0.80875,2.25,2.25
2012.06.22 07:08:34.193,0.80844,0.80875,3.00,2.25
2012.06.22 07:08:37.372,0.80844,0.80875,3.00,2.25
2012.06.22 07:08:37.536,0.80848,0.80879,3.00,2.25
2012.06.22 07:08:38.583,0.80848,0.80879,3.00,2.63
2012.06.22 07:08:38.902,0.80844,0.80873,3.00,2.25
2012.06.22 07:08:38.971,0.8084,0.80868,1.13,2.25
2012.06.22 07:08:39.292,0.8084,0.80868,1.13,2.25
2012.06.22 07:08:39.711,0.8084,0.80868,1.73,2.25
2012.06.22 07:08:39.781,0.80842,0.80873,3.00,2.25
2012.06.22 07:08:39.982,0.8084,0.8087,1.35,2.25
2012.06.22 07:08:40.495,0.8084,0.8087,1.35,2.25
2012.06.22 07:08:40.771,0.80842,0.80873,3.00,2.25
2012.06.22 07:08:41.160,0.80846,0.80877,3.00,2.63
2012.06.22 07:08:41.235,0.80846,0.80876,2.25,1.13
2012.06.22 07:08:41.523,0.80846,0.80877,3.00,2.63
2012.06.22 07:08:41.592,0.8084,0.80873,3.98,2.25
2012.06.22 07:08:41.938,0.80835,0.80866,3.38,2.25
2012.06.22 07:08:42.325,0.80835,0.80866,3.38,2.25
2012.06.22 07:08:43.418,0.80847,0.80876,2.25,3.38
2012.06.22 07:08:43.506,0.80847,0.80876,3.00,2.63
2012.06.22 07:08:43.901,0.80847,0.80876,2.25,3.38
2012.06.22 07:08:44.241,0.80852,0.80881,2.25,3.38
2012.06.22 07:08:44.415,0.80852,0.80881,2.25,3.38
2012.06.22 07:08:44.542,0.80852,0.80881,3.00,2.63
2012.06.22 07:08:44.683,0.80844,0.80873,3.00,2.25
2012.06.22 07:08:44.811,0.80844,0.80873,3.00,2.25
2012.06.22 07:08:44.946,0.80844,0.80873,3.00,2.25
2012.06.22 07:08:45.013,0.80848,0.80879,3.00,2.25
2012.06.22 07:08:45.082,0.80852,0.80883,3.00,1.13
2012.06.22 07:08:45.222,0.80849,0.80882,2.25,2.25
2012.06.22 07:08:45.531,0.80849,0.80882,2.25,2.63
2012.06.22 07:08:45.635,0.80849,0.80882,2.63,2.25
2012.06.22 07:08:46.856,0.80849,0.80882,2.63,2.25
2012.06.22 07:08:47.914,0.80853,0.80886,2.25,2.25
2012.06.22 07:08:47.981,0.80853,0.80886,2.25,3.00
2012.06.22 07:08:48.051,0.80848,0.80883,3.00,2.63
2012.06.22 07:08:48.122,0.80848,0.80883,2.25,2.63
2012.06.22 07:08:48.355,0.80848,0.80883,2.25,3.00
2012.06.22 07:08:48.736,0.80847,0.80878,1.13,2.25
2012.06.22 07:08:49.697,0.80851,0.80881,3.00,2.25
2012.06.22 07:08:50.527,0.80851,0.80881,3.00,2.25
2012.06.22 07:08:50.731,0.80851,0.80881,3.00,2.25
2012.06.22 07:08:51.166,0.80844,0.80879,3.38,2.25
2012.06.22 07:08:51.231,0.80844,0.80879,3.38,3.00
2012.06.22 07:08:51.945,0.80849,0.80882,2.25,2.63
2012.06.22 07:08:52.293,0.80858,0.80885,2.25,1.13
2012.06.22 07:08:52.870,0.80854,0.80885,2.25,3.38
2012.06.22 07:08:53.431,0.80854,0.80885,2.25,2.25
2012.06.22 07:08:53.648,0.80854,0.80885,2.25,2.63
2012.06.22 07:08:54.002,0.8085,0.80882,3.00,2.63
2012.06.22 07:08:54.436,0.80849,0.80881,1.13,2.25
2012.06.22 07:08:54.763,0.80847,0.80881,1.50,2.25
2012.06.22 07:08:54.971,0.80851,0.80881,2.25,2.25
2012.06.22 07:08:55.435,0.80851,0.80881,3.38,2.25
2012.06.22 07:08:56.037,0.80855,0.80884,3.00,2.25
2012.06.22 07:08:56.103,0.80855,0.80884,2.25,2.25
2012.06.22 07:08:56.432,0.80855,0.80884,3.00,2.25
2012.06.22 07:08:56.800,0.80854,0.80883,2.25,3.00
2012.06.22 07:08:56.871,0.80848,0.80879,2.25,3.00
2012.06.22 07:08:57.016,0.80848,0.80877,2.25,2.25
2012.06.22 07:08:57.333,0.80844,0.80872,1.13,2.25
2012.06.22 07:08:57.681,0.80843,0.80872,3.00,2.25
2012.06.22 07:08:58.299,0.80845,0.80872,1.13,2.25
2012.06.22 07:08:58.554,0.80846,0.80879,3.00,2.25
2012.06.22 07:08:59.711,0.80848,0.80879,3.00,2.25
2012.06.22 07:09:01.200,0.80848,0.80879,2.25,2.25
2012.06.22 07:09:01.554,0.80848,0.80879,3.00,2.25
2012.06.22 07:09:01.824,0.80855,0.80884,2.25,2.25
2012.06.22 07:09:01.913,0.8085,0.80883,1.13,2.25
2012.06.22 07:09:02.181,0.80848,0.80883,2.63,2.25
2012.06.22 07:09:02.388,0.8085,0.80883,1.13,2.25
2012.06.22 07:09:03.007,0.80855,0.80884,2.25,2.25
2012.06.22 07:09:03.335,0.80858,0.80888,2.25,1.13
2012.06.22 07:09:03.969,0.80858,0.80889,3.00,2.25
2012.06.22 07:09:04.621,0.80858,0.80889,2.25,3.00
2012.06.22 07:09:04.743,0.80858,0.80889,2.25,3.00
2012.06.22 07:09:05.051,0.80858,0.80889,2.25,3.38
2012.06.22 07:09:05.463,0.80855,0.80884,3.00,2.25
2012.06.22 07:09:06.920,0.80855,0.80884,2.25,2.25
2012.06.22 07:09:07.275,0.80859,0.80888,2.25,3.00
2012.06.22 07:09:07.641,0.80862,0.80893,2.25,3.00
2012.06.22 07:09:07.714,0.80862,0.80893,2.25,3.00
2012.06.22 07:09:07.893,0.80862,0.80893,2.25,3.00
2012.06.22 07:09:07.962,0.80862,0.80893,2.25,3.38
2012.06.22 07:09:08.031,0.80857,0.8089,3.38,2.63
2012.06.22 07:09:08.160,0.80857,0.8089,2.63,3.38
2012.06.22 07:09:08.464,0.80847,0.8088,1.50,2.25
2012.06.22 07:09:08.573,0.80845,0.8088,3.38,2.25
2012.06.22 07:09:10.741,0.80852,0.80883,2.25,2.25
2012.06.22 07:09:11.652,0.80846,0.80879,3.75,2.25
2012.06.22 07:09:11.793,0.80846,0.80879,3.00,2.25
2012.06.22 07:09:12.106,0.80846,0.80879,3.00,2.63
2012.06.22 07:09:12.434,0.80842,0.80873,2.25,2.25
2012.06.22 07:09:13.304,0.80839,0.8087,1.13,2.25
2012.06.22 07:09:13.794,0.80843,0.80872,3.00,2.25
2012.06.22 07:09:16.086,0.80843,0.80872,2.25,2.25
2012.06.22 07:09:16.351,0.80841,0.80873,1.13,2.25
2012.06.22 07:09:16.420,0.80841,0.80873,1.13,3.00
2012.06.22 07:09:17.272,0.8084,0.80873,3.00,2.25
2012.06.22 07:09:17.680,0.8084,0.80873,3.00,3.00
2012.06.22 07:09:19.001,0.80842,0.80873,1.13,2.25
2012.06.22 07:09:20.430,0.80846,0.80877,3.38,2.25
2012.06.22 07:09:21.403,0.80846,0.80877,3.38,2.25
2012.06.22 07:09:22.513,0.80846,0.80877,3.00,2.25
2012.06.22 07:09:24.852,0.80846,0.80877,3.00,2.85
2012.06.22 07:09:25.160,0.80843,0.80865,1.13,2.25
2012.06.22 07:09:25.441,0.80844,0.80877,3.00,2.25
2012.06.22 07:09:25.784,0.80844,0.80877,2.25,3.98
2012.06.22 07:09:25.852,0.80844,0.80877,3.00,3.23
2012.06.22 07:09:25.923,0.80842,0.80869,1.13,2.25
2012.06.22 07:09:26.537,0.80838,0.80869,3.00,2.25
2012.06.22 07:09:26.781,0.80834,0.80863,3.00,2.25
2012.06.22 07:09:26.854,0.80838,0.80869,2.25,3.00
2012.06.22 07:09:26.985,0.80838,0.80869,3.00,2.25
2012.06.22 07:09:27.182,0.8084,0.80869,3.00,2.25
2012.06.22 07:09:27.251,0.80841,0.80866,1.50,2.25
2012.06.22 07:09:27.455,0.80841,0.80873,1.50,2.25
2012.06.22 07:09:27.844,0.80847,0.80876,2.25,2.25
2012.06.22 07:09:28.030,0.80845,0.80873,1.13,2.25
2012.06.22 07:09:28.292,0.8085,0.80883,2.25,3.38
2012.06.22 07:09:28.882,0.8085,0.80883,2.25,3.00
2012.06.22 07:09:28.951,0.80846,0.80877,2.63,3.00
2012.06.22 07:09:29.640,0.80842,0.80873,2.25,2.25
2012.06.22 07:09:29.973,0.80841,0.80873,2.10,2.25
2012.06.22 07:09:30.103,0.80841,0.80873,1.35,2.25
2012.06.22 07:09:30.173,0.8084,0.80868,2.25,1.13
2012.06.22 07:09:30.715,0.80837,0.80866,1.13,2.25
2012.06.22 07:09:31.364,0.80839,0.80866,1.13,2.25
2012.06.22 07:09:31.482,0.80837,0.80866,1.13,2.25
2012.06.22 07:09:33.164,0.80837,0.80866,1.13,2.25
2012.06.22 07:09:33.613,0.80837,0.80866,1.13,2.25
2012.06.22 07:09:33.715,0.8084,0.80873,3.00,2.63
2012.06.22 07:09:33.782,0.8084,0.80873,3.00,2.25
2012.06.22 07:09:34.163,0.80841,0.80873,1.13,2.25
2012.06.22 07:09:34.484,0.80841,0.80873,1.13,2.63
2012.06.22 07:09:34.793,0.80836,0.80865,3.38,2.25
2012.06.22 07:09:34.958,0.8084,0.80873,3.00,3.00
2012.06.22 07:09:35.114,0.8084,0.80873,2.25,2.25
2012.06.22 07:09:35.298,0.8084,0.80869,2.25,2.25
2012.06.22 07:09:35.422,0.80836,0.80867,1.13,2.25
2012.06.22 07:09:35.848,0.80839,0.8087,2.25,2.25
2012.06.22 07:09:36.031,0.80834,0.80867,2.25,2.25
2012.06.22 07:09:36.136,0.80834,0.80867,2.63,2.25
2012.06.22 07:09:36.439,0.80845,0.80874,2.25,3.00
2012.06.22 07:09:36.500,0.80835,0.80868,2.25,2.25
2012.06.22 07:09:36.740,0.80833,0.80868,3.00,2.25
2012.06.22 07:09:37.335,0.80836,0.80868,1.50,2.25
2012.06.22 07:09:38.642,0.8084,0.80869,2.25,3.00
2012.06.22 07:09:38.983,0.80828,0.80854,1.20,2.25
2012.06.22 07:09:39.117,0.80839,0.8087,2.25,3.00
2012.06.22 07:09:39.294,0.80834,0.80865,2.25,2.25
2012.06.22 07:09:39.732,0.80832,0.80859,1.13,2.25
2012.06.22 07:09:40.283,0.80834,0.80865,2.25,2.25
2012.06.22 07:09:41.625,0.80834,0.80865,3.00,2.25
2012.06.22 07:09:41.863,0.80839,0.8087,2.25,2.25
2012.06.22 07:09:42.325,0.80839,0.8087,3.00,2.25
2012.06.22 07:09:42.504,0.8084,0.80873,3.00,3.00
2012.06.22 07:09:42.841,0.80844,0.80877,2.25,3.00
2012.06.22 07:09:43.164,0.80844,0.80877,2.25,3.00
2012.06.22 07:09:43.382,0.80839,0.8087,2.63,3.00
2012.06.22 07:09:43.763,0.80845,0.80874,2.25,3.00
2012.06.22 07:09:43.970,0.80845,0.80874,2.25,3.00
2012.06.22 07:09:44.632,0.80845,0.80874,2.25,3.00
2012.06.22 07:09:45.241,0.8084,0.80869,3.23,3.00
2012.06.22 07:09:45.472,0.8084,0.80869,2.25,3.00
2012.06.22 07:09:46.807,0.80843,0.80869,2.10,3.00
2012.06.22 07:09:47.023,0.80851,0.8088,2.25,3.00
2012.06.22 07:09:49.764,0.80851,0.8088,2.25,3.00
2012.06.22 07:09:50.032,0.80847,0.80876,2.25,3.00
2012.06.22 07:09:50.102,0.80847,0.80876,2.25,2.25
2012.06.22 07:09:51.374,0.80847,0.80876,3.00,2.25
2012.06.22 07:09:51.982,0.80847,0.80876,3.38,2.25
2012.06.22 07:09:52.350,0.80843,0.80873,1.13,2.25
2012.06.22 07:09:53.635,0.80843,0.80873,1.13,2.25
2012.06.22 07:09:53.964,0.80849,0.80879,3.00,2.10
2012.06.22 07:09:54.243,0.80849,0.8088,3.00,2.25
2012.06.22 07:09:54.314,0.80847,0.80878,3.00,2.25
2012.06.22 07:09:55.003,0.80847,0.80878,3.38,3.00
2012.06.22 07:09:55.315,0.80849,0.80878,2.25,3.00
2012.06.22 07:09:56.015,0.80838,0.80871,1.13,2.25
2012.06.22 07:09:56.211,0.80838,0.80871,1.13,2.25
2012.06.22 07:09:56.297,0.80841,0.80871,1.13,2.25
2012.06.22 07:09:56.488,0.80841,0.80874,3.38,2.25
2012.06.22 07:09:56.682,0.80843,0.80874,1.13,2.25
2012.06.22 07:09:56.983,0.80849,0.80878,3.00,2.25
2012.06.22 07:09:58.696,0.80849,0.80878,2.25,2.25
2012.06.22 07:09:59.486,0.80849,0.80878,3.00,2.25
2012.06.22 07:09:59.810,0.80845,0.80874,3.00,2.25
2012.06.22 07:09:59.881,0.80845,0.80874,3.00,2.25
2012.06.22 07:10:00.135,0.80844,0.80879,3.00,3.38
2012.06.22 07:10:03.642,0.80844,0.80878,2.25,1.13
2012.06.22 07:10:04.384,0.80841,0.80874,3.38,3.00
2012.06.22 07:10:05.193,0.80841,0.80874,3.00,3.00
2012.06.22 07:10:05.684,0.80841,0.80874,2.25,3.00
2012.06.22 07:10:05.912,0.80841,0.80874,3.38,3.00
2012.06.22 07:10:06.378,0.80849,0.80878,2.25,3.00
2012.06.22 07:10:06.724,0.80845,0.80878,3.00,2.25
2012.06.22 07:10:08.106,0.80853,0.80879,2.25,1.35
2012.06.22 07:10:08.778,0.80853,0.80882,2.25,2.25
2012.06.22 07:10:09.364,0.80853,0.80882,2.25,3.00
2012.06.22 07:10:12.078,0.80853,0.80882,2.25,2.25
2012.06.22 07:10:12.140,0.80853,0.80882,2.25,3.00
2012.06.22 07:10:13.432,0.80853,0.80882,2.25,2.25
2012.06.22 07:10:16.017,0.80853,0.80882,2.25,2.63
2012.06.22 07:10:16.346,0.80853,0.80881,2.25,1.13
2012.06.22 07:10:16.933,0.80849,0.80882,2.25,3.00
2012.06.22 07:10:17.059,0.80845,0.80876,2.63,3.00
2012.06.22 07:10:17.237,0.80845,0.80876,2.25,3.00
2012.06.22 07:10:17.899,0.80849,0.80879,2.25,1.13
2012.06.22 07:10:18.449,0.80852,0.80882,2.25,1.13
2012.06.22 07:10:18.509,0.80852,0.80882,2.25,1.13
2012.06.22 07:10:21.826,0.80852,0.80886,2.25,1.13
2012.06.22 07:10:22.459,0.80852,0.80884,2.25,1.13
2012.06.22 07:10:22.974,0.80852,0.80879,2.25,1.13
2012.06.22 07:10:23.185,0.80844,0.80878,3.00,1.13
2012.06.22 07:10:23.456,0.80853,0.8088,2.25,1.13
2012.06.22 07:10:23.522,0.80853,0.80882,2.25,2.25
2012.06.22 07:10:26.833,0.80857,0.80888,2.25,3.00
2012.06.22 07:10:27.406,0.80857,0.80888,2.25,3.00
2012.06.22 07:10:28.776,0.80855,0.80884,3.00,2.25
2012.06.22 07:10:29.119,0.80859,0.80887,2.25,1.13
2012.06.22 07:10:29.179,0.80852,0.80887,2.25,3.38
2012.06.22 07:10:29.697,0.80852,0.80884,2.25,1.13
2012.06.22 07:10:29.933,0.80852,0.80887,2.63,3.00
2012.06.22 07:10:30.366,0.80856,0.80885,2.25,2.25
2012.06.22 07:10:30.862,0.80853,0.80882,2.25,2.25
2012.06.22 07:10:31.253,0.80849,0.80878,2.25,2.25
2012.06.22 07:10:31.579,0.80853,0.80882,2.25,2.25
2012.06.22 07:10:33.861,0.80849,0.80878,2.25,2.25
2012.06.22 07:10:37.183,0.80849,0.80878,3.00,2.25
2012.06.22 07:10:37.412,0.80849,0.80878,2.25,2.25
2012.06.22 07:10:37.481,0.80852,0.80883,2.25,3.00
2012.06.22 07:10:37.683,0.80852,0.80883,3.00,3.00
2012.06.22 07:10:38.465,0.80852,0.80883,2.25,3.00
2012.06.22 07:10:38.768,0.80852,0.80883,3.00,3.38
2012.06.22 07:10:39.674,0.80852,0.80883,3.00,3.00
2012.06.22 07:10:39.745,0.80852,0.80883,2.25,3.00
2012.06.22 07:10:39.894,0.80852,0.80883,2.25,2.25
2012.06.22 07:10:40.104,0.80852,0.80883,2.25,2.63
2012.06.22 07:10:40.532,0.80849,0.80878,2.25,2.25
2012.06.22 07:10:40.662,0.80849,0.80878,3.00,2.25
2012.06.22 07:10:40.959,0.80853,0.80882,2.25,2.63
2012.06.22 07:10:41.613,0.80853,0.80882,2.25,2.25
2012.06.22 07:10:41.734,0.80853,0.80882,2.25,3.00
2012.06.22 07:10:42.172,0.80853,0.80882,2.25,3.23
2012.06.22 07:10:42.784,0.80853,0.80882,3.00,2.85
2012.06.22 07:10:43.192,0.80853,0.80882,2.25,2.25
2012.06.22 07:10:43.413,0.80853,0.80882,3.00,2.25
2012.06.22 07:10:43.812,0.80853,0.80882,2.25,2.25
2012.06.22 07:10:44.036,0.80853,0.80882,2.25,3.00
2012.06.22 07:10:44.153,0.80853,0.80882,2.25,2.25
2012.06.22 07:10:45.251,0.80855,0.80886,2.25,3.00
2012.06.22 07:10:49.754,0.80852,0.80883,3.00,3.00
2012.06.22 07:10:49.917,0.80852,0.80883,3.00,2.25
2012.06.22 07:10:50.239,0.80852,0.80883,2.25,2.25
2012.06.22 07:10:51.952,0.80852,0.80883,2.25,3.00
2012.06.22 07:10:54.483,0.80855,0.80884,2.25,1.73
2012.06.22 07:10:54.656,0.80855,0.80884,2.25,1.13
2012.06.22 07:10:55.351,0.80855,0.80886,2.25,3.38
2012.06.22 07:10:55.541,0.80849,0.8088,2.63,3.00
2012.06.22 07:10:55.771,0.80849,0.8088,2.25,2.25
2012.06.22 07:10:55.840,0.80853,0.80884,2.25,3.38
2012.06.22 07:10:56.321,0.80846,0.80879,3.00,2.25
2012.06.22 07:10:56.389,0.80846,0.80879,3.00,2.25
2012.06.22 07:10:57.121,0.80854,0.80883,2.25,2.25
2012.06.22 07:10:57.579,0.80854,0.80883,2.25,2.63
2012.06.22 07:10:57.860,0.8085,0.80879,3.00,2.25
2012.06.22 07:10:58.321,0.80852,0.80885,2.25,1.13
2012.06.22 07:11:00.314,0.80852,0.80884,2.25,1.13
2012.06.22 07:11:01.631,0.80852,0.80886,2.25,1.13
2012.06.22 07:11:02.504,0.80852,0.80884,2.25,1.13
2012.06.22 07:11:02.774,0.80849,0.80882,2.25,2.63
2012.06.22 07:11:04.980,0.80849,0.80882,3.00,2.63
2012.06.22 07:11:05.253,0.80852,0.80887,3.00,2.55
2012.06.22 07:11:06.122,0.80852,0.80887,3.00,2.93
2012.06.22 07:11:07.324,0.80852,0.80887,3.00,2.93
2012.06.22 07:11:07.845,0.80852,0.80887,3.00,3.30
2012.06.22 07:11:09.093,0.80852,0.80887,3.00,2.93
2012.06.22 07:11:09.303,0.80852,0.80887,3.00,2.93
2012.06.22 07:11:10.303,0.80852,0.80887,3.00,3.30
2012.06.22 07:11:12.174,0.80852,0.80887,3.00,2.93
2012.06.22 07:11:12.679,0.80852,0.80884,3.00,1.13
2012.06.22 07:11:13.422,0.80852,0.80884,2.25,1.13
2012.06.22 07:11:13.642,0.80852,0.80884,3.00,1.13
2012.06.22 07:11:14.481,0.80852,0.80883,3.00,1.13
2012.06.22 07:11:14.787,0.8085,0.80879,2.25,3.00
2012.06.22 07:11:15.733,0.80852,0.80881,2.25,1.13
2012.06.22 07:11:16.075,0.80852,0.80883,3.00,1.13
2012.06.22 07:11:16.142,0.80852,0.80883,3.38,1.13
2012.06.22 07:11:16.620,0.80853,0.80884,2.25,3.00
2012.06.22 07:11:16.750,0.80853,0.80884,2.25,3.68
2012.06.22 07:11:16.820,0.80846,0.8088,1.35,2.25
2012.06.22 07:11:17.121,0.80846,0.8088,1.35,3.30
2012.06.22 07:11:17.432,0.80841,0.80877,3.00,3.00
2012.06.22 07:11:18.883,0.80841,0.80877,3.38,3.00
2012.06.22 07:11:19.340,0.80841,0.80875,3.00,1.13
2012.06.22 07:11:22.275,0.80843,0.80874,2.25,3.00
2012.06.22 07:11:22.749,0.80847,0.80875,2.25,1.13
2012.06.22 07:11:23.084,0.8084,0.80869,3.00,2.25
2012.06.22 07:11:23.207,0.80841,0.80869,1.13,2.25
2012.06.22 07:11:23.636,0.80848,0.80877,2.25,1.13
2012.06.22 07:11:23.917,0.80848,0.80879,2.25,1.13
2012.06.22 07:11:23.984,0.80848,0.80877,2.25,1.43
2012.06.22 07:11:24.054,0.8084,0.80873,3.00,2.63
2012.06.22 07:11:24.683,0.8084,0.80873,3.00,2.25
2012.06.22 07:11:24.981,0.80845,0.8088,3.00,2.25
2012.06.22 07:11:26.405,0.80845,0.8088,3.00,2.63
2012.06.22 07:11:27.371,0.80845,0.8088,3.00,2.63
2012.06.22 07:11:27.698,0.80846,0.8088,1.13,3.00
2012.06.22 07:11:28.160,0.80845,0.80879,3.00,1.80
2012.06.22 07:11:28.575,0.80845,0.80879,3.00,1.05
2012.06.22 07:11:28.642,0.80847,0.80878,2.25,2.63
2012.06.22 07:11:28.712,0.80847,0.80878,3.00,2.63
2012.06.22 07:11:28.798,0.80847,0.80878,3.00,3.38
2012.06.22 07:11:28.862,0.80847,0.80878,3.00,3.30
2012.06.22 07:11:29.181,0.80847,0.80878,2.25,3.30
2012.06.22 07:11:29.935,0.80847,0.80873,2.25,1.05
2012.06.22 07:11:30.002,0.80839,0.80873,3.00,1.05
2012.06.22 07:11:30.521,0.80839,0.80874,3.00,2.93
2012.06.22 07:11:32.312,0.80839,0.80874,3.00,2.93
2012.06.22 07:11:32.434,0.80839,0.80873,3.00,1.43
2012.06.22 07:11:32.952,0.80839,0.8087,2.25,1.13
2012.06.22 07:11:33.375,0.80839,0.80873,3.00,1.13
2012.06.22 07:11:34.422,0.80839,0.80873,3.00,1.13
2012.06.22 07:11:35.035,0.80839,0.80874,3.00,2.93
2012.06.22 07:11:35.143,0.80839,0.80874,3.00,3.68
2012.06.22 07:11:35.212,0.80839,0.80873,3.00,1.05
2012.06.22 07:11:35.692,0.80839,0.80869,2.25,1.13
2012.06.22 07:11:36.186,0.80839,0.80873,3.00,1.80
2012.06.22 07:11:36.381,0.80839,0.80869,2.25,1.13
2012.06.22 07:11:37.383,0.80839,0.80873,3.00,1.05
2012.06.22 07:11:37.691,0.80852,0.80874,2.25,1.13
2012.06.22 07:11:37.822,0.80836,0.80865,3.00,2.25
2012.06.22 07:11:38.363,0.80836,0.80865,3.00,2.25
2012.06.22 07:11:38.753,0.80839,0.80874,3.00,3.30
2012.06.22 07:11:38.912,0.80839,0.80874,3.00,4.05
2012.06.22 07:11:39.267,0.80839,0.80874,3.00,3.68
2012.06.22 07:11:39.773,0.80843,0.80872,2.25,2.25
2012.06.22 07:11:43.653,0.80843,0.80872,3.00,2.25
2012.06.22 07:11:44.305,0.80847,0.80876,3.00,2.63
2012.06.22 07:11:44.412,0.80847,0.80875,2.25,1.13
2012.06.22 07:11:45.320,0.80847,0.80876,3.00,2.25
2012.06.22 07:11:46.144,0.80847,0.80876,2.25,3.00
2012.06.22 07:11:47.064,0.80847,0.80874,2.25,1.13
2012.06.22 07:11:47.990,0.80853,0.80881,2.25,1.13
2012.06.22 07:11:48.062,0.80853,0.80881,2.25,1.13
2012.06.22 07:11:49.163,0.80848,0.80881,2.25,3.30
2012.06.22 07:11:49.233,0.80848,0.80879,2.25,1.05
2012.06.22 07:11:49.648,0.80848,0.80875,2.25,1.43
2012.06.22 07:11:49.714,0.80844,0.80873,2.25,3.00
2012.06.22 07:11:50.113,0.80842,0.80868,1.13,2.25
2012.06.22 07:11:50.183,0.80839,0.80868,3.38,2.25
2012.06.22 07:11:50.614,0.80839,0.80868,3.00,2.25
2012.06.22 07:11:51.098,0.80844,0.80873,3.00,2.55
2012.06.22 07:11:51.736,0.80844,0.80873,2.25,3.00
2012.06.22 07:11:52.401,0.80844,0.80873,3.00,2.25
2012.06.22 07:11:52.653,0.80844,0.80873,2.25,3.00
2012.06.22 07:11:52.840,0.80844,0.80873,3.00,2.25
2012.06.22 07:11:53.006,0.80844,0.80873,2.25,2.25
2012.06.22 07:11:53.071,0.80844,0.80873,3.00,2.25
2012.06.22 07:11:53.434,0.80844,0.80873,2.25,3.00
2012.06.22 07:11:53.502,0.80844,0.80873,3.00,2.25
2012.06.22 07:11:54.937,0.8084,0.80869,3.00,2.25
2012.06.22 07:11:55.742,0.8084,0.80869,3.00,2.25
2012.06.22 07:11:56.186,0.8084,0.80869,3.00,2.25
2012.06.22 07:11:56.404,0.8084,0.80869,3.00,2.25
2012.06.22 07:11:57.999,0.8084,0.80869,3.00,2.25
2012.06.22 07:11:58.963,0.80837,0.80868,3.00,3.00
2012.06.22 07:11:59.030,0.80833,0.80864,3.38,2.25
2012.06.22 07:11:59.371,0.80841,0.80868,1.13,2.25
2012.06.22 07:11:59.706,0.80846,0.80873,3.00,2.10
2012.06.22 07:12:00.162,0.80847,0.80876,2.25,2.93
2012.06.22 07:12:01.731,0.80847,0.80876,2.25,3.30
2012.06.22 07:12:01.862,0.8084,0.80873,3.38,3.30
2012.06.22 07:12:02.101,0.8084,0.80873,3.00,3.68
2012.06.22 07:12:02.547,0.8084,0.80868,2.25,1.13
2012.06.22 07:12:04.192,0.8084,0.80873,3.00,3.68
2012.06.22 07:12:04.406,0.8084,0.80873,3.00,2.93
2012.06.22 07:12:04.615,0.80841,0.80873,1.13,2.55
2012.06.22 07:12:05.230,0.80842,0.80873,2.25,2.93
2012.06.22 07:12:06.114,0.80842,0.80873,2.25,2.93
2012.06.22 07:12:06.781,0.80842,0.80873,2.25,2.63
2012.06.22 07:12:07.070,0.80839,0.80868,3.00,2.25
2012.06.22 07:12:07.662,0.80839,0.80868,3.00,2.25
2012.06.22 07:12:07.731,0.80839,0.80868,2.25,2.25
2012.06.22 07:12:07.800,0.80834,0.80865,3.00,2.25
2012.06.22 07:12:08.414,0.80834,0.80865,3.00,2.25
2012.06.22 07:12:08.541,0.80834,0.80865,3.00,2.25
2012.06.22 07:12:09.433,0.80834,0.80865,3.00,2.25
2012.06.22 07:12:09.968,0.80832,0.80864,3.00,1.13
2012.06.22 07:12:10.035,0.80832,0.80865,3.38,2.63
2012.06.22 07:12:10.102,0.80836,0.80869,3.00,2.63
2012.06.22 07:12:10.523,0.80836,0.80866,3.00,2.25
2012.06.22 07:12:10.651,0.80836,0.80869,3.00,2.93
2012.06.22 07:12:10.721,0.80836,0.80869,3.00,2.93
2012.06.22 07:12:10.790,0.80836,0.80869,3.00,2.93
2012.06.22 07:12:10.849,0.80835,0.80864,3.00,2.25
2012.06.22 07:12:11.165,0.80839,0.80868,3.00,2.25
2012.06.22 07:12:11.953,0.80843,0.80874,3.00,2.93
2012.06.22 07:12:12.292,0.80839,0.80868,3.00,2.25
2012.06.22 07:12:16.101,0.80839,0.80868,3.00,2.25
2012.06.22 07:12:16.636,0.80838,0.80869,3.00,2.25
2012.06.22 07:12:16.704,0.80838,0.80869,2.25,2.25
2012.06.22 07:12:16.773,0.80842,0.80873,2.25,2.93
2012.06.22 07:12:17.424,0.80842,0.80873,2.25,2.63
2012.06.22 07:12:18.080,0.80842,0.80873,3.00,3.00
2012.06.22 07:12:18.200,0.80839,0.80868,3.00,2.25
2012.06.22 07:12:18.411,0.80834,0.80865,3.00,2.25
2012.06.22 07:12:18.482,0.80838,0.80869,3.00,2.25
2012.06.22 07:12:18.564,0.80838,0.80869,3.00,2.25
2012.06.22 07:12:18.815,0.80844,0.80873,3.00,2.63
2012.06.22 07:12:19.074,0.80844,0.80873,3.00,2.25
2012.06.22 07:12:19.265,0.80843,0.80873,1.13,2.25
2012.06.22 07:12:19.639,0.80842,0.80873,2.25,2.25
2012.06.22 07:12:21.391,0.80842,0.80873,3.00,2.25
2012.06.22 07:12:22.151,0.80847,0.80876,2.25,2.63
2012.06.22 07:12:22.923,0.80847,0.80876,2.25,3.00
2012.06.22 07:12:23.463,0.80837,0.80868,3.00,2.25
2012.06.22 07:12:23.853,0.80842,0.80873,3.00,2.25
2012.06.22 07:12:23.925,0.80842,0.80873,3.00,3.00
2012.06.22 07:12:24.017,0.80839,0.80868,3.38,2.25
2012.06.22 07:12:24.362,0.80842,0.80873,3.00,3.00
2012.06.22 07:12:25.120,0.80838,0.80867,2.25,2.25
2012.06.22 07:12:26.096,0.80841,0.8087,2.25,3.00
2012.06.22 07:12:26.236,0.80841,0.8087,3.00,2.25
2012.06.22 07:12:26.475,0.80847,0.80875,2.25,1.13
2012.06.22 07:12:27.324,0.8084,0.80871,3.00,2.25
2012.06.22 07:12:27.653,0.80846,0.80875,2.25,1.13
2012.06.22 07:12:27.841,0.80851,0.80882,3.00,3.53
2012.06.22 07:12:27.911,0.80851,0.80881,2.25,1.35
2012.06.22 07:12:27.984,0.80847,0.80876,2.25,2.25
2012.06.22 07:12:28.110,0.80847,0.80876,2.25,2.63
2012.06.22 07:12:28.952,0.80843,0.80872,2.25,2.25
2012.06.22 07:12:30.063,0.80847,0.80878,2.25,2.55
2012.06.22 07:12:30.621,0.80847,0.80876,3.00,2.25
2012.06.22 07:12:30.821,0.80847,0.80876,2.25,3.30
2012.06.22 07:12:30.907,0.8084,0.80871,3.00,2.25
2012.06.22 07:12:31.206,0.8084,0.80871,3.00,2.25
2012.06.22 07:12:33.464,0.80841,0.80871,1.13,2.25
2012.06.22 07:12:34.081,0.80845,0.80874,3.00,2.25
2012.06.22 07:12:34.202,0.80845,0.80873,2.25,1.05
2012.06.22 07:12:34.269,0.80845,0.80873,2.25,1.43
2012.06.22 07:12:34.331,0.8084,0.80869,3.00,2.25
2012.06.22 07:12:34.403,0.8084,0.80869,3.00,2.25
2012.06.22 07:12:38.392,0.8084,0.80869,3.00,3.38
2012.06.22 07:12:38.621,0.80826,0.80859,3.38,2.25
2012.06.22 07:12:39.100,0.8083,0.80863,3.38,2.55
2012.06.22 07:12:39.752,0.8083,0.80863,3.38,2.25
2012.06.22 07:12:40.451,0.8083,0.80863,3.38,2.55
2012.06.22 07:12:40.670,0.8083,0.80863,3.38,2.25
2012.06.22 07:12:40.864,0.80832,0.80861,2.25,2.25
2012.06.22 07:12:41.526,0.80835,0.80866,3.00,2.63
2012.06.22 07:12:42.252,0.80837,0.80866,1.13,2.25
2012.06.22 07:12:42.894,0.80836,0.80866,1.13,2.55
2012.06.22 07:12:43.984,0.80836,0.80866,1.13,2.63
2012.06.22 07:12:44.385,0.80831,0.80856,1.13,2.63
2012.06.22 07:12:44.711,0.80826,0.80853,1.13,2.25
2012.06.22 07:12:44.780,0.80826,0.80856,1.13,2.25
2012.06.22 07:12:45.297,0.80829,0.80864,3.38,2.25
2012.06.22 07:12:45.374,0.80829,0.80864,3.38,2.25
2012.06.22 07:12:45.687,0.80834,0.80864,1.13,2.25
2012.06.22 07:12:45.976,0.80834,0.80864,1.13,2.25
2012.06.22 07:12:46.264,0.80847,0.80874,2.25,1.13
2012.06.22 07:12:46.801,0.80842,0.80873,3.00,3.00
2012.06.22 07:12:46.870,0.80842,0.80873,2.25,3.00
2012.06.22 07:12:47.713,0.80846,0.80874,2.25,1.13
2012.06.22 07:12:48.039,0.80846,0.80873,2.25,1.13
2012.06.22 07:12:48.278,0.80846,0.80873,2.25,1.13
2012.06.22 07:12:50.793,0.80842,0.80873,3.00,3.00
2012.06.22 07:12:51.954,0.80842,0.80873,2.25,3.38
2012.06.22 07:12:52.303,0.80842,0.80873,2.25,3.38
2012.06.22 07:12:54.291,0.80842,0.80873,2.25,3.38
2012.06.22 07:12:55.062,0.80842,0.80873,2.25,3.00
2012.06.22 07:12:55.297,0.80842,0.80873,2.25,3.75
2012.06.22 07:12:55.481,0.80839,0.80868,2.25,3.00
2012.06.22 07:12:56.023,0.80835,0.80864,3.00,2.25
2012.06.22 07:12:56.242,0.80838,0.80872,3.00,3.00
2012.06.22 07:12:56.716,0.80844,0.80875,3.00,2.25
2012.06.22 07:12:58.659,0.80849,0.80881,3.00,1.13
2012.06.22 07:12:58.848,0.80849,0.80882,3.00,2.63
2012.06.22 07:12:58.907,0.80849,0.80882,2.25,3.38
2012.06.22 07:12:59.845,0.80849,0.80882,2.25,2.63
2012.06.22 07:13:00.779,0.80848,0.80877,2.63,2.25
2012.06.22 07:13:01.183,0.80851,0.80883,2.25,1.88
2012.06.22 07:13:01.248,0.80851,0.80883,2.25,1.13
2012.06.22 07:13:01.662,0.80851,0.80884,4.50,3.00
2012.06.22 07:13:01.892,0.80851,0.80884,2.63,3.00
2012.06.22 07:13:01.959,0.80848,0.80877,2.63,2.25
2012.06.22 07:13:02.718,0.8085,0.80882,2.63,3.00
2012.06.22 07:13:02.952,0.80851,0.80882,1.13,2.25
2012.06.22 07:13:03.078,0.80855,0.80886,2.25,1.13
2012.06.22 07:13:04.246,0.80855,0.80888,2.63,3.00
2012.06.22 07:13:04.750,0.80855,0.80888,3.00,3.00
2012.06.22 07:13:04.869,0.80855,0.80883,2.25,1.13
2012.06.22 07:13:04.930,0.80851,0.80883,2.63,1.13
2012.06.22 07:13:05.179,0.80851,0.80884,3.00,2.63
2012.06.22 07:13:05.328,0.80851,0.80884,2.25,3.38
2012.06.22 07:13:05.500,0.80857,0.80884,2.25,1.13
2012.06.22 07:13:05.570,0.8085,0.80884,2.25,1.13
2012.06.22 07:13:05.660,0.8085,0.80885,3.00,2.63
2012.06.22 07:13:05.789,0.80858,0.80887,2.25,2.63
2012.06.22 07:13:06.471,0.80863,0.80892,2.25,2.63
2012.06.22 07:13:07.210,0.8086,0.80894,2.25,1.50
2012.06.22 07:13:07.943,0.8086,0.80896,2.25,3.38
2012.06.22 07:13:08.381,0.8086,0.80894,2.25,1.13
2012.06.22 07:13:09.180,0.8086,0.80894,2.70,1.50
2012.06.22 07:13:09.383,0.80858,0.80887,2.25,2.25
2012.06.22 07:13:10.490,0.80854,0.80884,1.20,2.25
2012.06.22 07:13:11.026,0.80853,0.80884,2.70,3.00
2012.06.22 07:13:11.095,0.80859,0.8089,2.25,3.00
2012.06.22 07:13:11.851,0.80859,0.8089,2.25,2.25
2012.06.22 07:13:15.751,0.80856,0.80885,3.00,2.25
2012.06.22 07:13:16.146,0.80858,0.80885,1.20,2.25
2012.06.22 07:13:16.509,0.80861,0.80893,1.20,3.38
2012.06.22 07:13:16.580,0.8086,0.80893,2.70,3.38
2012.06.22 07:13:17.260,0.8086,0.80893,3.00,3.38
2012.06.22 07:13:17.373,0.8086,0.80893,2.25,2.63
2012.06.22 07:13:17.521,0.80856,0.80889,3.00,2.25
2012.06.22 07:13:21.560,0.80856,0.80889,3.00,2.63
2012.06.22 07:13:22.221,0.80856,0.80889,3.00,2.25
2012.06.22 07:13:22.705,0.80856,0.80889,3.00,2.25
2012.06.22 07:13:22.770,0.80856,0.80889,3.00,2.25
2012.06.22 07:13:23.369,0.80861,0.80889,1.50,2.25
2012.06.22 07:13:23.490,0.80868,0.80899,2.25,3.00
2012.06.22 07:13:37.149,0.80868,0.80899,2.70,3.38
2012.06.22 07:13:37.858,0.80868,0.80899,2.70,3.38
2012.06.22 07:13:38.482,0.80868,0.80897,2.70,1.13
2012.06.22 07:13:38.825,0.80859,0.80888,3.83,2.25
2012.06.22 07:13:39.010,0.80859,0.80888,2.25,2.25
2012.06.22 07:13:39.069,0.80855,0.80885,1.20,2.25
2012.06.22 07:13:39.250,0.80852,0.80885,3.08,3.00
2012.06.22 07:13:39.509,0.80849,0.80879,2.18,2.25
2012.06.22 07:13:41.639,0.8085,0.80879,1.20,2.25
2012.06.22 07:13:41.818,0.80852,0.80885,3.00,2.25
2012.06.22 07:13:42.680,0.80854,0.80885,1.20,2.63
2012.06.22 07:13:42.853,0.80852,0.80884,3.45,1.13
2012.06.22 07:13:42.972,0.80854,0.80885,1.20,2.63
2012.06.22 07:13:43.293,0.80849,0.80879,1.20,2.25
2012.06.22 07:13:43.401,0.80849,0.80879,1.20,2.25
2012.06.22 07:13:47.719,0.80847,0.80879,2.70,3.00
2012.06.22 07:13:47.810,0.80847,0.80879,2.25,3.00
2012.06.22 07:13:47.930,0.80846,0.80875,3.45,2.25
2012.06.22 07:13:48.149,0.80849,0.80875,1.20,2.25
2012.06.22 07:13:48.268,0.8085,0.80881,3.00,2.25
2012.06.22 07:13:48.351,0.80849,0.80876,1.20,2.25
2012.06.22 07:13:48.418,0.80847,0.80876,1.58,2.25
2012.06.22 07:13:48.629,0.80845,0.80876,3.00,2.25
2012.06.22 07:13:49.672,0.80845,0.80876,3.00,2.25
2012.06.22 07:13:50.191,0.80852,0.8088,1.20,2.63
2012.06.22 07:13:50.322,0.80852,0.8088,1.20,2.63
2012.06.22 07:13:50.638,0.80854,0.80879,1.20,2.25
2012.06.22 07:13:50.698,0.80851,0.80879,1.20,2.25
2012.06.22 07:13:50.873,0.80851,0.80885,3.45,1.13
2012.06.22 07:13:51.062,0.80851,0.80885,3.45,1.13
2012.06.22 07:13:51.614,0.80851,0.80886,3.83,3.00
2012.06.22 07:13:51.868,0.80856,0.80889,2.70,3.75
2012.06.22 07:13:52.048,0.80856,0.80889,3.45,5.25
2012.06.22 07:13:52.299,0.80851,0.80882,2.70,2.25
2012.06.22 07:13:53.997,0.80851,0.80882,3.45,2.25
2012.06.22 07:13:54.880,0.80856,0.80882,1.20,2.63
2012.06.22 07:13:55.221,0.80857,0.80886,1.20,2.63
2012.06.22 07:13:55.657,0.80855,0.80886,2.70,3.38
2012.06.22 07:13:55.980,0.80855,0.80884,2.70,1.50
2012.06.22 07:13:56.146,0.80855,0.80884,2.25,1.50
2012.06.22 07:13:56.209,0.80851,0.80879,1.20,2.25
2012.06.22 07:13:56.498,0.80852,0.80884,2.70,1.13
2012.06.22 07:14:00.502,0.80852,0.80884,2.70,1.13
2012.06.22 07:14:00.968,0.80852,0.80885,2.70,3.00
2012.06.22 07:14:01.893,0.80856,0.80885,1.20,2.25
2012.06.22 07:14:02.539,0.80856,0.80885,1.20,2.63
2012.06.22 07:14:02.873,0.80852,0.80884,2.70,1.13
2012.06.22 07:14:02.938,0.80852,0.80884,2.70,1.50
2012.06.22 07:14:03.820,0.80851,0.80882,1.20,2.63
2012.06.22 07:14:04.208,0.80856,0.80882,1.20,2.25
2012.06.22 07:14:04.267,0.80856,0.80884,1.20,2.25
2012.06.22 07:14:05.059,0.80856,0.80884,1.20,2.25
2012.06.22 07:14:05.648,0.80856,0.80884,1.20,2.25
2012.06.22 07:14:05.798,0.80859,0.80888,2.25,2.85
2012.06.22 07:14:05.862,0.80856,0.80886,1.20,2.25
2012.06.22 07:14:06.189,0.80857,0.80882,1.20,2.25
2012.06.22 07:14:06.667,0.80852,0.80882,1.58,2.25
2012.06.22 07:14:07.120,0.80849,0.80882,1.20,3.00
2012.06.22 07:14:08.491,0.80851,0.80882,1.58,2.25
2012.06.22 07:14:09.698,0.80854,0.80882,1.20,2.25
2012.06.22 07:14:09.879,0.80856,0.80885,1.20,2.25
2012.06.22 07:14:09.941,0.80852,0.80885,2.70,3.00
2012.06.22 07:14:10.008,0.80852,0.80885,3.08,3.00
2012.06.22 07:14:10.557,0.80852,0.80885,3.83,3.00
2012.06.22 07:14:11.290,0.80852,0.80882,1.20,2.25
2012.06.22 07:14:12.189,0.80852,0.80886,1.20,3.38
2012.06.22 07:14:12.251,0.80853,0.80886,1.20,3.00
2012.06.22 07:14:12.468,0.80856,0.80889,2.70,3.38
2012.06.22 07:14:12.529,0.80852,0.80881,3.08,2.25
2012.06.22 07:14:13.203,0.80852,0.80881,3.08,2.25
2012.06.22 07:14:14.185,0.80852,0.80881,3.08,2.25
2012.06.22 07:14:14.959,0.80852,0.80881,3.83,2.25
2012.06.22 07:14:15.020,0.80852,0.80881,3.83,2.25
2012.06.22 07:14:15.318,0.80852,0.80881,3.83,2.25
2012.06.22 07:14:15.821,0.80856,0.8089,1.20,2.63
2012.06.22 07:14:15.893,0.80856,0.8089,1.20,2.25
2012.06.22 07:14:16.118,0.80855,0.8089,3.08,3.00
2012.06.22 07:14:16.299,0.80855,0.80888,2.70,1.13
2012.06.22 07:14:16.384,0.80857,0.80888,1.20,1.13
2012.06.22 07:14:16.449,0.80857,0.8089,1.20,3.00
2012.06.22 07:14:16.772,0.80856,0.80885,1.58,2.25
2012.06.22 07:14:17.491,0.80856,0.80885,1.58,2.25
2012.06.22 07:14:17.557,0.80856,0.80889,3.83,3.00
2012.06.22 07:14:17.678,0.80856,0.80889,3.08,3.38
2012.06.22 07:14:18.211,0.80852,0.80885,2.70,3.00
2012.06.22 07:14:19.099,0.80852,0.80885,3.45,3.00
2012.06.22 07:14:20.362,0.80857,0.80885,1.20,2.25
2012.06.22 07:14:20.765,0.80857,0.80885,1.20,2.25
2012.06.22 07:14:21.205,0.80857,0.80885,1.20,2.25
2012.06.22 07:14:23.632,0.80856,0.80885,1.20,2.25
2012.06.22 07:14:23.892,0.80856,0.80885,1.20,2.25
2012.06.22 07:14:24.367,0.80859,0.80888,3.45,2.25
2012.06.22 07:14:24.929,0.80859,0.80888,2.70,2.25
2012.06.22 07:14:25.900,0.80859,0.80888,2.70,2.25
2012.06.22 07:14:27.461,0.8086,0.80888,1.20,2.25
2012.06.22 07:14:27.530,0.80863,0.80894,2.25,3.00
2012.06.22 07:14:27.777,0.80861,0.80889,1.58,2.25
2012.06.22 07:14:28.159,0.80869,0.80894,2.25,1.50
2012.06.22 07:14:28.338,0.80861,0.80888,1.20,2.25
2012.06.22 07:14:28.457,0.80861,0.80888,1.20,2.25
2012.06.22 07:14:28.517,0.80861,0.80894,3.45,1.13
2012.06.22 07:14:29.003,0.80861,0.80894,2.70,1.13
2012.06.22 07:14:29.071,0.80862,0.80894,1.20,1.13
2012.06.22 07:14:30.539,0.80861,0.80894,2.70,1.13
2012.06.22 07:14:30.809,0.80861,0.80896,2.70,1.13
2012.06.22 07:14:30.967,0.80861,0.80894,2.25,1.13
2012.06.22 07:14:31.167,0.80856,0.80893,1.20,1.13
2012.06.22 07:14:32.466,0.80855,0.80885,1.20,2.25
2012.06.22 07:14:41.909,0.80855,0.80885,1.20,2.25
2012.06.22 07:14:43.708,0.80855,0.80885,1.20,2.63
2012.06.22 07:14:43.828,0.80853,0.80882,1.20,2.25
2012.06.22 07:14:46.145,0.80851,0.80882,1.20,2.25
2012.06.22 07:14:46.219,0.80851,0.80886,3.45,3.38
2012.06.22 07:14:47.670,0.80851,0.80886,3.83,3.00
2012.06.22 07:14:48.929,0.80851,0.80885,3.00,1.13
2012.06.22 07:14:49.061,0.8085,0.80882,1.20,2.25
2012.06.22 07:14:49.651,0.80851,0.80882,1.13,2.25
2012.06.22 07:14:50.259,0.80848,0.80882,2.70,3.00
2012.06.22 07:14:50.319,0.80846,0.80877,1.58,2.25
2012.06.22 07:14:50.602,0.80846,0.80874,1.58,2.25
2012.06.22 07:14:50.789,0.80842,0.80874,1.58,2.25
2012.06.22 07:14:50.927,0.80843,0.80874,1.58,2.25
2012.06.22 07:14:51.498,0.80841,0.80871,1.20,2.25
2012.06.22 07:14:54.367,0.80844,0.80871,1.13,2.25
2012.06.22 07:14:54.428,0.80844,0.80879,1.13,1.13
2012.06.22 07:14:54.613,0.80846,0.8088,3.45,1.13
2012.06.22 07:14:56.463,0.80846,0.8088,3.45,1.13
2012.06.22 07:15:00.431,0.80847,0.80881,1.20,2.25
2012.06.22 07:15:00.829,0.80851,0.80876,1.20,2.25
2012.06.22 07:15:00.948,0.80849,0.80883,1.13,2.25
2012.06.22 07:15:02.794,0.80851,0.80883,1.13,2.25
2012.06.22 07:15:03.472,0.80854,0.80883,1.13,2.25
2012.06.22 07:15:05.179,0.80851,0.80883,1.13,2.25
2012.06.22 07:15:05.973,0.8085,0.80883,1.13,2.25
2012.06.22 07:15:06.912,0.80851,0.80883,1.13,2.25
2012.06.22 07:15:07.416,0.80852,0.80883,1.13,2.25
2012.06.22 07:15:07.680,0.80849,0.80883,1.13,2.25
2012.06.22 07:15:07.792,0.80851,0.80883,1.13,2.25
2012.06.22 07:15:08.244,0.80848,0.80883,3.38,2.25
2012.06.22 07:15:08.559,0.80848,0.80883,3.38,2.25
2012.06.22 07:15:09.562,0.80848,0.80883,3.00,2.63
2012.06.22 07:15:10.397,0.80844,0.80875,1.13,2.25
2012.06.22 07:15:10.458,0.80844,0.80875,1.13,2.25
2012.06.22 07:15:11.429,0.80847,0.80875,1.13,2.25
2012.06.22 07:15:11.587,0.80848,0.80883,3.00,2.63
2012.06.22 07:15:12.541,0.80848,0.80883,3.00,2.63
2012.06.22 07:15:12.730,0.80848,0.80883,3.00,3.38
2012.06.22 07:15:12.914,0.80848,0.80883,3.00,2.63
2012.06.22 07:15:13.099,0.80849,0.80883,1.13,2.25
2012.06.22 07:15:13.221,0.80849,0.80883,1.13,2.25
2012.06.22 07:15:13.361,0.80851,0.80883,1.20,2.25
2012.06.22 07:15:13.432,0.80853,0.80886,3.00,2.63
2012.06.22 07:15:13.559,0.80853,0.80882,3.00,2.25
2012.06.22 07:15:13.682,0.80853,0.80882,2.25,2.25
2012.06.22 07:15:16.153,0.80853,0.80882,2.25,3.00
2012.06.22 07:15:16.921,0.80853,0.80882,2.25,2.25
2012.06.22 07:15:19.164,0.80853,0.80882,2.25,3.38
2012.06.22 07:15:19.883,0.80853,0.80882,2.25,3.38
2012.06.22 07:15:19.948,0.80847,0.8088,3.83,3.00
2012.06.22 07:15:20.129,0.80846,0.80873,1.20,2.25
2012.06.22 07:15:20.508,0.80842,0.80873,2.25,2.25
2012.06.22 07:15:21.131,0.80842,0.80873,3.00,2.25
2012.06.22 07:15:23.498,0.80846,0.80879,3.00,1.13
2012.06.22 07:15:23.671,0.80846,0.80879,2.25,1.13
2012.06.22 07:15:24.442,0.80846,0.80881,3.38,3.00
2012.06.22 07:15:24.661,0.80846,0.80881,3.38,2.25
2012.06.22 07:15:24.882,0.80846,0.80881,3.38,3.00
2012.06.22 07:15:25.165,0.80846,0.80881,3.38,2.25
2012.06.22 07:15:25.933,0.80846,0.80881,3.38,3.00
2012.06.22 07:15:26.240,0.80846,0.80881,3.00,3.38
2012.06.22 07:15:28.333,0.80846,0.80881,3.38,3.00
2012.06.22 07:15:28.785,0.80853,0.80882,2.25,2.25
2012.06.22 07:15:29.421,0.80848,0.80879,3.38,2.25
2012.06.22 07:15:30.120,0.80852,0.80879,1.13,2.25
2012.06.22 07:15:30.312,0.8086,0.80889,2.25,2.63
2012.06.22 07:15:30.533,0.80852,0.80887,2.70,2.25
2012.06.22 07:15:31.181,0.80852,0.80887,2.70,2.63
2012.06.22 07:15:33.222,0.80852,0.80887,2.25,2.25
2012.06.22 07:15:34.548,0.80852,0.80887,2.25,2.63
2012.06.22 07:15:34.889,0.80852,0.80887,3.00,2.25
2012.06.22 07:15:35.191,0.80856,0.80889,3.00,1.13
2012.06.22 07:15:35.618,0.80853,0.80882,2.25,2.25
2012.06.22 07:15:36.881,0.80853,0.80882,2.63,2.25
2012.06.22 07:15:37.010,0.80861,0.80889,2.25,1.13
2012.06.22 07:15:37.129,0.80861,0.8089,2.70,3.00
2012.06.22 07:15:37.251,0.80865,0.80894,2.25,3.38
2012.06.22 07:15:41.493,0.80865,0.80894,2.25,3.00
2012.06.22 07:15:41.679,0.80865,0.80894,2.25,3.00
2012.06.22 07:15:41.799,0.80861,0.80897,3.45,3.38
2012.06.22 07:15:41.863,0.80861,0.80897,4.20,3.00
2012.06.22 07:15:41.929,0.80861,0.80895,3.45,1.13
2012.06.22 07:15:42.091,0.80859,0.80888,3.00,2.25
2012.06.22 07:15:42.219,0.80861,0.80895,3.60,1.13
2012.06.22 07:15:42.489,0.80861,0.80888,1.73,2.25
2012.06.22 07:15:42.887,0.80861,0.80897,3.38,3.00
2012.06.22 07:15:43.243,0.80861,0.80895,2.25,1.13
2012.06.22 07:15:43.308,0.80857,0.80893,3.83,3.00
2012.06.22 07:15:43.429,0.80862,0.80895,2.25,1.13
2012.06.22 07:15:44.893,0.80862,0.80893,3.00,1.13
2012.06.22 07:15:45.400,0.80865,0.80894,2.25,3.00
2012.06.22 07:15:45.459,0.8086,0.80892,1.58,2.25
2012.06.22 07:15:45.611,0.80858,0.80892,2.63,3.00
2012.06.22 07:15:45.688,0.8086,0.80892,1.13,2.25
2012.06.22 07:15:46.564,0.8086,0.80891,3.38,2.25
2012.06.22 07:15:47.450,0.80865,0.80898,2.25,3.00
2012.06.22 07:15:48.119,0.80865,0.80897,2.63,1.13
2012.06.22 07:15:48.178,0.80866,0.80898,1.13,2.63
2012.06.22 07:15:48.298,0.80868,0.80899,2.25,1.13
2012.06.22 07:15:48.681,0.80868,0.809,2.25,1.13
2012.06.22 07:15:49.818,0.80868,0.809,2.25,1.13
2012.06.22 07:15:50.100,0.80869,0.80898,2.25,2.25
2012.06.22 07:15:50.560,0.80864,0.80896,1.13,2.25
2012.06.22 07:15:50.619,0.80862,0.80896,2.25,3.00
2012.06.22 07:15:51.843,0.80862,0.80896,3.00,2.25
2012.06.22 07:15:52.175,0.80862,0.80896,2.25,3.00
2012.06.22 07:15:53.239,0.80862,0.80896,2.63,3.00
2012.06.22 07:15:53.499,0.80862,0.80894,2.25,1.13
2012.06.22 07:15:53.838,0.80859,0.80889,1.35,2.25
2012.06.22 07:15:55.620,0.80858,0.80889,2.85,3.00
2012.06.22 07:15:56.366,0.80859,0.80889,1.35,2.25
2012.06.22 07:15:59.159,0.80867,0.80896,2.25,3.00
2012.06.22 07:15:59.829,0.80867,0.80896,2.25,3.00
2012.06.22 07:15:59.948,0.80867,0.80896,2.25,3.00
2012.06.22 07:16:00.115,0.80863,0.80892,2.25,2.25
2012.06.22 07:16:00.178,0.80863,0.80892,2.25,3.00
2012.06.22 07:16:00.811,0.80865,0.809,2.25,3.00
2012.06.22 07:16:00.997,0.80862,0.80896,2.63,3.00
2012.06.22 07:16:01.891,0.80862,0.80894,2.25,1.13
2012.06.22 07:16:02.019,0.80858,0.80889,3.23,3.00
2012.06.22 07:16:03.531,0.80858,0.80889,2.25,3.00
2012.06.22 07:16:04.918,0.80858,0.80889,2.25,3.00
2012.06.22 07:16:08.635,0.80858,0.80889,2.25,3.00
2012.06.22 07:16:08.856,0.80858,0.80889,2.25,3.00
2012.06.22 07:16:10.646,0.80858,0.80889,2.25,3.00
2012.06.22 07:16:11.160,0.80853,0.80884,2.25,3.00
2012.06.22 07:16:11.452,0.80853,0.80884,2.25,3.00
2012.06.22 07:16:12.560,0.80853,0.80884,2.25,3.00
2012.06.22 07:16:12.679,0.80853,0.80884,2.25,3.00
2012.06.22 07:16:12.742,0.80858,0.80888,2.25,1.13
2012.06.22 07:16:13.284,0.80858,0.80889,3.08,3.00
2012.06.22 07:16:13.902,0.80861,0.80893,2.25,1.13
2012.06.22 07:16:18.939,0.80861,0.80894,2.25,1.13
2012.06.22 07:16:19.150,0.80861,0.80894,2.25,1.13
2012.06.22 07:16:19.689,0.80861,0.8089,2.25,1.13
2012.06.22 07:16:20.769,0.80861,0.80895,3.08,1.13
2012.06.22 07:16:20.829,0.80862,0.80895,1.58,1.13
2012.06.22 07:16:20.889,0.80868,0.80895,2.25,1.13
2012.06.22 07:16:21.069,0.80862,0.80893,3.00,1.13
2012.06.22 07:16:21.180,0.80862,0.80892,2.25,1.13
2012.06.22 07:16:22.020,0.80862,0.80896,2.25,3.38
2012.06.22 07:16:22.429,0.80857,0.80886,3.00,2.25
2012.06.22 07:16:22.709,0.80858,0.80891,1.35,2.63
2012.06.22 07:16:23.566,0.80857,0.8089,1.35,1.13
2012.06.22 07:16:24.959,0.80856,0.80891,3.00,2.63
2012.06.22 07:16:25.368,0.80856,0.8089,3.38,1.13
2012.06.22 07:16:25.431,0.80856,0.80889,3.00,1.13
2012.06.22 07:16:25.500,0.80853,0.80883,1.58,2.25
2012.06.22 07:16:25.839,0.80861,0.8089,3.00,2.63
2012.06.22 07:16:26.784,0.80861,0.80889,2.25,1.13
2012.06.22 07:16:26.850,0.80855,0.80888,3.00,2.63
2012.06.22 07:16:27.968,0.80855,0.80888,2.25,3.00
2012.06.22 07:16:28.903,0.80855,0.80888,3.00,3.00
2012.06.22 07:16:29.708,0.80855,0.80888,3.00,3.38
2012.06.22 07:16:29.884,0.80855,0.80887,2.25,1.13
2012.06.22 07:16:34.360,0.8086,0.80891,2.25,3.00
2012.06.22 07:16:36.705,0.8086,0.80891,2.25,3.00
2012.06.22 07:16:36.970,0.8086,0.80891,2.25,2.25
2012.06.22 07:16:37.029,0.80857,0.80886,2.63,2.25
2012.06.22 07:16:37.089,0.80857,0.80886,2.25,2.25
2012.06.22 07:16:37.494,0.8086,0.80895,2.25,3.00
2012.06.22 07:16:38.413,0.8086,0.80894,2.25,1.13
2012.06.22 07:16:38.718,0.8086,0.80892,2.25,1.13
2012.06.22 07:16:39.154,0.80857,0.80891,1.20,3.00
2012.06.22 07:16:39.675,0.80856,0.80891,3.00,3.00
2012.06.22 07:16:42.203,0.80856,0.8089,2.25,1.13
2012.06.22 07:16:43.399,0.80856,0.80891,3.38,3.00
2012.06.22 07:16:44.098,0.80856,0.80891,3.00,2.63
2012.06.22 07:16:44.158,0.80856,0.80889,3.00,1.13
2012.06.22 07:16:44.326,0.80859,0.80889,2.25,1.13
2012.06.22 07:16:44.941,0.80859,0.8089,3.00,2.25
2012.06.22 07:16:44.998,0.80863,0.80893,2.25,1.13
2012.06.22 07:16:45.187,0.80866,0.80897,2.25,1.13
2012.06.22 07:16:45.529,0.80863,0.80894,2.25,3.00
2012.06.22 07:16:45.979,0.80863,0.80894,2.25,3.38
2012.06.22 07:16:46.061,0.8086,0.80889,2.25,3.00
2012.06.22 07:16:47.939,0.8086,0.80889,3.00,2.25
2012.06.22 07:16:48.144,0.8086,0.80889,2.25,3.00
2012.06.22 07:16:48.379,0.80863,0.80895,2.25,1.35
2012.06.22 07:16:48.669,0.80859,0.8089,2.25,3.00
2012.06.22 07:16:48.950,0.80859,0.8089,3.00,2.25
2012.06.22 07:16:49.973,0.80864,0.80893,2.25,3.00
2012.06.22 07:16:50.453,0.80864,0.80893,2.25,3.00
2012.06.22 07:16:50.578,0.80858,0.8089,1.35,3.00
2012.06.22 07:16:50.700,0.80857,0.8089,2.63,3.00
2012.06.22 07:16:50.761,0.80858,0.8089,1.13,2.25
2012.06.22 07:16:51.653,0.80857,0.8089,3.00,2.63
2012.06.22 07:16:51.719,0.80857,0.8089,3.00,3.38
2012.06.22 07:16:51.779,0.80854,0.80883,1.13,2.25
2012.06.22 07:16:51.959,0.80857,0.8089,3.00,3.00
2012.06.22 07:16:52.693,0.80857,0.8089,3.00,2.25
2012.06.22 07:16:54.085,0.80857,0.8089,2.25,3.38
2012.06.22 07:17:00.349,0.80857,0.8089,2.70,3.00
2012.06.22 07:17:00.410,0.80858,0.8089,1.20,2.25
2012.06.22 07:17:00.731,0.80857,0.8089,3.45,3.00
2012.06.22 07:17:00.941,0.80857,0.8089,2.70,3.00
2012.06.22 07:17:01.292,0.80853,0.80882,2.70,2.25
2012.06.22 07:17:01.751,0.80853,0.80882,2.70,2.25
2012.06.22 07:17:01.819,0.80856,0.8089,3.00,1.13
2012.06.22 07:17:05.886,0.80856,0.80891,3.45,2.25
2012.06.22 07:17:06.143,0.80856,0.80891,3.00,3.00
2012.06.22 07:17:06.433,0.80856,0.80891,3.00,2.63
2012.06.22 07:17:06.654,0.80856,0.8089,3.45,1.13
2012.06.22 07:17:07.757,0.80857,0.80891,1.73,2.25
2012.06.22 07:17:07.823,0.80856,0.80889,3.00,1.13
2012.06.22 07:17:08.194,0.80856,0.80891,3.00,2.63
2012.06.22 07:17:08.980,0.80856,0.80891,3.00,4.50
2012.06.22 07:17:09.580,0.80857,0.80891,1.20,2.25
2012.06.22 07:17:09.881,0.80864,0.80893,2.25,2.63
2012.06.22 07:17:10.412,0.80864,0.80893,2.25,2.25
2012.06.22 07:17:10.784,0.80864,0.80893,3.00,2.25
2012.06.22 07:17:10.850,0.80864,0.80893,2.25,2.25
2012.06.22 07:17:11.349,0.80861,0.80889,1.58,2.25
2012.06.22 07:17:11.470,0.80866,0.80896,1.20,2.25
2012.06.22 07:17:11.900,0.80867,0.80896,1.20,2.25
2012.06.22 07:17:11.974,0.80867,0.80903,1.20,1.35
2012.06.22 07:17:12.145,0.80864,0.80902,1.20,1.35
2012.06.22 07:17:12.528,0.80874,0.80903,2.25,3.00
2012.06.22 07:17:12.587,0.80869,0.809,2.70,3.00
2012.06.22 07:17:12.649,0.80869,0.809,2.70,3.00
2012.06.22 07:17:12.708,0.80869,0.809,3.08,3.00
2012.06.22 07:17:12.769,0.80874,0.80903,2.25,3.00
2012.06.22 07:17:12.951,0.80874,0.80903,2.25,2.25
2012.06.22 07:17:14.810,0.80874,0.80903,2.25,3.00
2012.06.22 07:17:14.867,0.80869,0.809,3.30,3.00
2012.06.22 07:17:15.242,0.80871,0.80901,1.05,3.00
2012.06.22 07:17:15.760,0.8087,0.80901,2.70,3.00
