2012.06.08 10:00:01.052,0.78887,0.78919,2.25,5.25
2012.06.08 10:00:03.302,0.78887,0.78918,2.25,1.13
2012.06.08 10:00:04.430,0.78887,0.78918,2.25,1.13
2012.06.08 10:00:07.639,0.78887,0.78919,2.25,3.19
2012.06.08 10:00:11.989,0.78887,0.78919,3.75,2.44
2012.06.08 10:00:12.110,0.78895,0.78923,2.25,1.54
2012.06.08 10:00:12.301,0.78891,0.78919,2.25,2.25
2012.06.08 10:00:12.752,0.78886,0.78915,1.13,2.25
2012.06.08 10:00:12.822,0.78885,0.78915,2.44,2.25
2012.06.08 10:00:13.161,0.78888,0.7892,2.25,3.38
2012.06.08 10:00:14.048,0.78888,0.7892,2.44,2.25
2012.06.08 10:00:16.674,0.78888,0.7892,2.44,3.00
2012.06.08 10:00:17.182,0.78888,0.7892,2.25,3.19
2012.06.08 10:00:17.787,0.78884,0.78912,2.63,2.25
2012.06.08 10:00:18.852,0.78884,0.78912,2.44,2.25
2012.06.08 10:00:20.831,0.78884,0.78912,2.25,2.25
2012.06.08 10:00:22.700,0.78884,0.78912,2.44,2.25
2012.06.08 10:00:23.091,0.78876,0.78909,1.13,2.25
2012.06.08 10:00:23.814,0.78876,0.78909,1.13,2.25
2012.06.08 10:00:23.886,0.78879,0.78909,2.25,2.44
2012.06.08 10:00:24.462,0.78879,0.78909,2.25,2.25
2012.06.08 10:00:25.564,0.78879,0.78909,2.25,2.44
2012.06.08 10:00:27.366,0.78879,0.78909,2.25,2.25
2012.06.08 10:00:28.226,0.78879,0.78909,2.25,2.44
2012.06.08 10:00:28.502,0.78879,0.78909,3.00,2.44
2012.06.08 10:00:28.840,0.78885,0.78915,2.25,2.63
2012.06.08 10:00:28.910,0.78885,0.78915,3.00,2.63
2012.06.08 10:00:28.979,0.78885,0.78915,3.19,2.25
2012.06.08 10:00:29.181,0.78891,0.78919,2.25,2.25
2012.06.08 10:00:29.499,0.78895,0.78926,2.25,4.50
2012.06.08 10:00:29.560,0.78895,0.78926,2.25,2.44
2012.06.08 10:00:31.405,0.78895,0.78926,2.25,3.38
2012.06.08 10:00:35.270,0.78891,0.78919,2.25,3.00
2012.06.08 10:00:38.790,0.78884,0.78916,2.63,2.25
2012.06.08 10:00:38.861,0.78884,0.78916,2.63,3.00
2012.06.08 10:00:39.382,0.78882,0.78907,2.44,2.25
2012.06.08 10:00:41.312,0.7888,0.78912,3.38,2.25
2012.06.08 10:00:42.638,0.7888,0.78912,2.82,3.00
2012.06.08 10:00:46.010,0.78881,0.78911,3.19,2.25
2012.06.08 10:00:46.521,0.78874,0.7891,1.50,2.25
2012.06.08 10:00:46.589,0.78874,0.78901,1.50,2.25
2012.06.08 10:00:47.173,0.78874,0.7891,1.50,2.25
2012.06.08 10:00:48.245,0.78874,0.7891,1.13,2.25
2012.06.08 10:00:49.840,0.78874,0.7891,1.13,2.25
2012.06.08 10:00:49.913,0.78875,0.7891,1.32,2.25
2012.06.08 10:00:50.007,0.78876,0.7891,3.00,2.25
2012.06.08 10:00:50.399,0.7888,0.78908,1.13,2.25
2012.06.08 10:00:50.522,0.78884,0.7891,3.00,2.25
2012.06.08 10:00:50.773,0.78884,0.7891,3.75,2.25
2012.06.08 10:00:52.894,0.78884,0.7891,2.44,2.25
2012.06.08 10:00:54.175,0.78884,0.7891,2.25,2.25
2012.06.08 10:00:55.383,0.78884,0.7891,2.44,2.25
2012.06.08 10:00:58.259,0.78884,0.7891,2.25,2.25
2012.06.08 10:00:58.381,0.7888,0.78907,3.19,2.25
2012.06.08 10:00:58.830,0.78878,0.78905,1.50,2.25
2012.06.08 10:00:59.680,0.78877,0.78905,1.13,2.25
2012.06.08 10:01:02.166,0.78877,0.78905,1.13,2.25
2012.06.08 10:01:02.430,0.78877,0.78905,1.13,2.25
2012.06.08 10:01:02.940,0.78872,0.789,3.00,2.25
2012.06.08 10:01:03.342,0.78875,0.78905,1.50,2.25
2012.06.08 10:01:03.551,0.78872,0.78901,3.00,2.25
2012.06.08 10:01:03.809,0.78875,0.78905,1.50,2.25
2012.06.08 10:01:05.513,0.78875,0.78905,1.50,2.25
2012.06.08 10:01:08.438,0.78876,0.78905,1.32,2.25
2012.06.08 10:01:08.648,0.78881,0.78911,3.00,2.85
2012.06.08 10:01:08.802,0.78881,0.78911,3.38,2.85
2012.06.08 10:01:09.193,0.78878,0.78908,2.25,2.25
2012.06.08 10:01:10.012,0.78877,0.78908,3.75,2.25
2012.06.08 10:01:11.993,0.78879,0.78908,2.25,2.25
2012.06.08 10:01:12.981,0.78877,0.78908,3.00,2.25
2012.06.08 10:01:13.861,0.78878,0.78908,2.25,2.25
2012.06.08 10:01:15.303,0.7888,0.78907,3.19,2.25
2012.06.08 10:01:15.860,0.7888,0.78907,2.44,2.25
2012.06.08 10:01:15.932,0.7888,0.78907,4.50,2.25
2012.06.08 10:01:16.252,0.78882,0.78908,2.25,2.25
2012.06.08 10:01:16.680,0.78877,0.789,1.50,2.25
2012.06.08 10:01:16.930,0.78882,0.7891,2.25,2.25
2012.06.08 10:01:17.001,0.78882,0.7891,2.44,2.25
2012.06.08 10:01:17.369,0.78886,0.78918,2.25,2.44
2012.06.08 10:01:17.902,0.78882,0.7891,2.44,2.25
2012.06.08 10:01:18.392,0.78876,0.78906,3.75,2.25
2012.06.08 10:01:18.800,0.78877,0.78908,3.19,2.25
2012.06.08 10:01:19.103,0.78884,0.7891,2.25,2.25
2012.06.08 10:01:19.440,0.78881,0.78906,2.25,2.25
2012.06.08 10:01:20.757,0.7888,0.78907,3.19,2.25
2012.06.08 10:01:22.371,0.7888,0.78907,3.38,2.25
2012.06.08 10:01:25.124,0.7888,0.78907,3.19,2.25
2012.06.08 10:01:27.101,0.7888,0.78907,3.75,2.25
2012.06.08 10:01:32.932,0.7888,0.78907,3.19,2.25
2012.06.08 10:01:35.699,0.7888,0.78907,3.00,2.25
2012.06.08 10:01:35.760,0.78873,0.78899,3.38,2.25
2012.06.08 10:01:36.012,0.7888,0.78907,3.00,2.25
2012.06.08 10:01:36.711,0.7888,0.78907,3.38,2.25
2012.06.08 10:01:36.782,0.78883,0.78911,2.63,2.25
2012.06.08 10:01:37.645,0.78883,0.78911,2.25,2.25
2012.06.08 10:01:38.127,0.78883,0.78911,2.25,3.00
2012.06.08 10:01:38.523,0.78876,0.78903,2.44,2.25
2012.06.08 10:01:38.852,0.78881,0.78906,2.25,2.25
2012.06.08 10:01:39.591,0.78877,0.78902,2.44,2.25
2012.06.08 10:01:39.952,0.78881,0.78906,2.25,2.25
2012.06.08 10:01:40.469,0.78876,0.78903,3.75,2.25
2012.06.08 10:01:41.369,0.7888,0.78907,2.44,2.25
2012.06.08 10:01:42.656,0.7888,0.78907,3.19,2.25
2012.06.08 10:01:46.942,0.7888,0.78907,2.44,2.25
2012.06.08 10:01:47.981,0.7888,0.78907,2.44,2.25
2012.06.08 10:01:48.861,0.7888,0.78907,2.44,2.25
2012.06.08 10:01:51.582,0.78876,0.78905,1.50,2.25
2012.06.08 10:01:54.471,0.78876,0.78905,1.13,2.25
2012.06.08 10:01:58.291,0.78876,0.78907,1.13,2.25
2012.06.08 10:01:59.504,0.78884,0.78909,2.25,2.25
2012.06.08 10:02:04.178,0.78884,0.78909,2.44,2.25
2012.06.08 10:02:08.896,0.78884,0.78909,3.00,2.25
2012.06.08 10:02:10.655,0.78884,0.78909,2.44,2.25
2012.06.08 10:02:13.733,0.78884,0.78909,2.44,2.25
2012.06.08 10:02:16.119,0.78887,0.78913,2.25,2.25
2012.06.08 10:02:16.183,0.78887,0.78913,3.00,2.25
2012.06.08 10:02:16.490,0.78888,0.78913,2.25,2.25
2012.06.08 10:02:16.712,0.78891,0.7892,1.50,2.25
2012.06.08 10:02:16.922,0.78892,0.7892,3.00,2.25
2012.06.08 10:02:19.429,0.78896,0.7892,1.13,2.25
2012.06.08 10:02:19.549,0.78898,0.78924,1.13,2.25
2012.06.08 10:02:19.847,0.78898,0.78928,1.13,2.25
2012.06.08 10:02:21.055,0.78897,0.78928,3.00,2.25
2012.06.08 10:02:23.049,0.78897,0.78928,3.38,2.25
2012.06.08 10:02:23.134,0.78901,0.78931,2.44,2.25
2012.06.08 10:02:23.324,0.78902,0.78931,1.50,2.25
2012.06.08 10:02:25.908,0.78905,0.78935,2.44,2.25
2012.06.08 10:02:27.393,0.78905,0.78935,2.63,2.25
2012.06.08 10:02:28.212,0.78905,0.78935,2.63,3.00
2012.06.08 10:02:28.603,0.78902,0.78932,1.50,2.25
2012.06.08 10:02:29.401,0.78904,0.78936,2.44,2.85
2012.06.08 10:02:30.483,0.78904,0.78936,2.63,2.85
2012.06.08 10:02:31.002,0.78905,0.78931,1.13,2.25
2012.06.08 10:02:31.440,0.78905,0.78935,2.63,2.25
2012.06.08 10:02:31.630,0.78908,0.78938,2.44,1.35
2012.06.08 10:02:31.733,0.78908,0.7894,2.44,3.00
2012.06.08 10:02:31.904,0.78908,0.7894,3.19,2.25
2012.06.08 10:02:32.292,0.78917,0.78943,2.25,3.00
2012.06.08 10:02:34.765,0.78916,0.78944,2.25,3.00
2012.06.08 10:02:35.079,0.78916,0.78944,2.44,2.25
2012.06.08 10:02:35.138,0.7892,0.78947,2.25,2.25
2012.06.08 10:02:35.641,0.7892,0.78947,2.25,3.00
2012.06.08 10:02:35.892,0.78917,0.78943,2.44,3.00
2012.06.08 10:02:36.962,0.78917,0.78943,2.25,3.00
2012.06.08 10:02:43.384,0.78925,0.7895,2.25,3.19
2012.06.08 10:02:43.449,0.78925,0.7895,2.25,3.19
2012.06.08 10:02:43.694,0.78925,0.7895,2.25,2.25
2012.06.08 10:02:44.243,0.78921,0.78946,2.44,2.25
2012.06.08 10:02:44.891,0.78921,0.78946,2.25,2.25
2012.06.08 10:02:45.080,0.78916,0.78944,3.38,2.25
2012.06.08 10:02:45.234,0.78919,0.78949,2.25,3.19
2012.06.08 10:02:45.714,0.7892,0.78949,1.32,2.25
2012.06.08 10:02:45.781,0.7892,0.78949,1.32,2.25
2012.06.08 10:02:45.850,0.78927,0.78953,2.25,2.85
2012.06.08 10:02:46.178,0.78927,0.78953,2.25,3.79
2012.06.08 10:02:46.246,0.7892,0.78945,2.44,2.25
2012.06.08 10:02:46.430,0.7892,0.78945,3.19,2.25
2012.06.08 10:02:46.897,0.78918,0.78943,1.13,2.25
2012.06.08 10:02:47.020,0.78919,0.78951,3.19,2.44
2012.06.08 10:02:47.214,0.78919,0.78951,3.19,2.44
2012.06.08 10:02:48.542,0.78919,0.78951,3.19,2.25
2012.06.08 10:02:48.872,0.78923,0.78954,2.25,1.54
2012.06.08 10:02:50.246,0.78923,0.78955,2.25,3.23
2012.06.08 10:02:50.795,0.7892,0.78948,2.44,2.25
2012.06.08 10:02:53.895,0.78928,0.78953,2.25,1.35
2012.06.08 10:02:54.209,0.78928,0.78956,2.25,3.00
2012.06.08 10:02:54.340,0.78917,0.78947,3.00,3.00
2012.06.08 10:02:54.880,0.78917,0.78947,3.00,3.00
2012.06.08 10:02:55.071,0.78914,0.78943,2.44,3.00
2012.06.08 10:02:55.213,0.78914,0.78943,2.44,3.00
2012.06.08 10:02:55.490,0.78914,0.78943,2.25,3.19
2012.06.08 10:02:57.595,0.78914,0.78943,2.63,2.25
2012.06.08 10:02:57.900,0.78915,0.7894,1.13,2.25
2012.06.08 10:02:58.028,0.78917,0.78943,2.44,2.25
2012.06.08 10:02:58.887,0.78921,0.78947,2.25,2.25
2012.06.08 10:03:00.450,0.78913,0.78944,2.63,2.25
2012.06.08 10:03:00.882,0.78913,0.78944,2.25,2.25
2012.06.08 10:03:08.730,0.78913,0.78944,2.25,3.19
2012.06.08 10:03:08.799,0.78911,0.78937,2.25,2.25
2012.06.08 10:03:11.641,0.78906,0.78934,1.32,2.25
2012.06.08 10:03:12.360,0.78911,0.78937,2.25,2.25
2012.06.08 10:03:18.159,0.78911,0.78937,3.19,2.25
2012.06.08 10:03:18.483,0.78913,0.78939,1.88,2.25
2012.06.08 10:03:18.640,0.78916,0.78944,3.19,2.25
2012.06.08 10:03:19.587,0.78914,0.78939,2.44,2.25
2012.06.08 10:03:19.654,0.78914,0.78939,2.44,2.25
2012.06.08 10:03:20.381,0.78914,0.78939,3.19,2.25
2012.06.08 10:03:21.667,0.78914,0.78939,2.44,2.25
2012.06.08 10:03:21.969,0.78914,0.78939,3.19,2.25
2012.06.08 10:03:22.109,0.78917,0.78943,3.00,2.25
2012.06.08 10:03:22.580,0.7892,0.78948,2.25,3.04
2012.06.08 10:03:23.127,0.78916,0.78944,3.19,2.25
2012.06.08 10:03:24.473,0.78916,0.78944,3.00,2.25
2012.06.08 10:03:29.361,0.78916,0.78944,2.44,3.00
2012.06.08 10:03:30.314,0.78916,0.78944,3.19,2.25
2012.06.08 10:03:32.158,0.78916,0.78944,2.44,2.25
2012.06.08 10:03:32.312,0.78913,0.7894,2.44,2.25
2012.06.08 10:03:33.633,0.78913,0.7894,3.19,2.25
2012.06.08 10:03:33.852,0.78919,0.78945,2.44,2.25
2012.06.08 10:03:34.100,0.78914,0.78939,2.44,2.25
2012.06.08 10:03:35.838,0.78914,0.78939,3.19,2.25
2012.06.08 10:03:36.169,0.78914,0.78939,3.75,2.25
2012.06.08 10:03:36.561,0.78915,0.78947,3.19,2.25
2012.06.08 10:03:36.869,0.78914,0.78939,3.00,2.25
2012.06.08 10:03:38.593,0.78914,0.78939,2.44,2.25
2012.06.08 10:03:39.430,0.78914,0.78939,3.19,2.25
2012.06.08 10:03:39.584,0.78916,0.78944,3.19,2.25
2012.06.08 10:03:43.161,0.78916,0.78944,3.19,2.25
2012.06.08 10:03:43.648,0.78923,0.78948,2.25,2.25
2012.06.08 10:03:45.323,0.78916,0.78944,3.19,2.25
2012.06.08 10:03:45.571,0.7892,0.7895,3.00,2.44
2012.06.08 10:03:45.770,0.78917,0.78943,3.19,2.25
2012.06.08 10:03:46.432,0.78917,0.78943,2.25,2.25
2012.06.08 10:03:46.540,0.78912,0.78941,1.50,2.25
2012.06.08 10:03:47.385,0.7891,0.78941,1.73,2.25
2012.06.08 10:03:47.687,0.7891,0.78941,1.13,2.25
2012.06.08 10:03:47.946,0.78911,0.78941,1.50,2.25
2012.06.08 10:03:50.335,0.78911,0.78941,1.13,2.25
2012.06.08 10:03:50.817,0.78911,0.78941,1.13,2.25
2012.06.08 10:03:51.679,0.78911,0.78941,1.13,2.25
2012.06.08 10:03:51.801,0.78907,0.78937,3.75,2.25
2012.06.08 10:03:51.981,0.78911,0.78941,3.19,2.25
2012.06.08 10:03:52.058,0.78911,0.78941,3.75,2.25
2012.06.08 10:03:52.359,0.78911,0.78937,1.50,2.25
2012.06.08 10:03:53.042,0.78907,0.78937,3.00,2.25
2012.06.08 10:03:53.667,0.7891,0.78938,2.63,2.25
2012.06.08 10:03:53.962,0.78913,0.78944,2.63,2.25
2012.06.08 10:03:54.483,0.78913,0.78944,3.00,2.25
2012.06.08 10:04:03.180,0.78915,0.78944,2.25,2.25
2012.06.08 10:04:03.575,0.7892,0.78952,2.44,2.25
2012.06.08 10:04:03.807,0.7892,0.78952,2.44,3.00
2012.06.08 10:04:03.873,0.7892,0.78952,2.25,3.19
2012.06.08 10:04:04.261,0.78919,0.78944,2.25,2.25
2012.06.08 10:04:05.434,0.78922,0.78948,2.25,2.25
2012.06.08 10:04:05.680,0.78925,0.78953,2.25,2.25
2012.06.08 10:04:05.878,0.78921,0.78947,3.57,2.25
2012.06.08 10:04:06.311,0.78915,0.78943,3.19,2.25
2012.06.08 10:04:06.386,0.78917,0.78943,1.50,2.25
2012.06.08 10:04:06.570,0.78925,0.78953,2.25,3.00
2012.06.08 10:04:06.802,0.78919,0.78948,2.44,2.25
2012.06.08 10:04:07.299,0.78922,0.78948,1.88,2.25
2012.06.08 10:04:07.360,0.78926,0.78952,2.44,2.25
2012.06.08 10:04:08.080,0.78918,0.78949,2.63,2.25
2012.06.08 10:04:08.426,0.78926,0.78952,2.25,2.25
2012.06.08 10:04:15.352,0.78926,0.78952,2.25,3.00
2012.06.08 10:04:15.539,0.78926,0.78952,2.25,2.25
2012.06.08 10:04:15.600,0.78922,0.78948,3.19,2.25
2012.06.08 10:04:15.953,0.78921,0.78951,3.00,2.25
2012.06.08 10:04:16.346,0.78921,0.78951,3.00,3.00
2012.06.08 10:04:16.879,0.78921,0.78951,3.75,2.25
2012.06.08 10:04:17.822,0.78921,0.78951,3.19,2.25
2012.06.08 10:04:21.541,0.78921,0.78951,2.63,2.25
2012.06.08 10:04:24.523,0.78921,0.78951,3.19,2.25
2012.06.08 10:04:28.193,0.78921,0.78951,2.44,3.00
2012.06.08 10:04:28.823,0.7892,0.78948,1.50,2.25
2012.06.08 10:04:29.394,0.78927,0.78959,2.63,3.00
2012.06.08 10:04:29.762,0.78934,0.78962,2.25,2.25
2012.06.08 10:04:31.502,0.78934,0.78962,2.44,2.25
2012.06.08 10:04:32.048,0.78933,0.78965,3.19,4.35
2012.06.08 10:04:32.117,0.78933,0.78965,3.19,2.25
2012.06.08 10:04:32.296,0.78935,0.78971,1.13,2.29
2012.06.08 10:04:32.450,0.78934,0.78974,3.00,3.75
2012.06.08 10:04:32.823,0.78934,0.7897,2.63,1.32
2012.06.08 10:04:33.440,0.78931,0.7896,1.50,2.25
2012.06.08 10:04:35.198,0.7893,0.7896,3.00,3.00
2012.06.08 10:04:35.519,0.78934,0.78964,2.44,3.00
2012.06.08 10:04:38.603,0.78936,0.78966,2.44,3.00
2012.06.08 10:04:38.962,0.78946,0.78973,2.25,1.13
2012.06.08 10:04:39.089,0.78946,0.78977,2.25,3.79
2012.06.08 10:04:39.751,0.78946,0.78977,2.25,2.44
2012.06.08 10:04:40.580,0.78946,0.78977,2.25,3.19
2012.06.08 10:04:40.731,0.78946,0.78977,2.25,3.19
2012.06.08 10:04:40.925,0.78946,0.78977,2.25,3.19
2012.06.08 10:04:41.462,0.78946,0.78974,2.25,1.54
2012.06.08 10:04:41.530,0.78946,0.78974,2.44,1.35
2012.06.08 10:04:41.912,0.78944,0.78974,2.25,3.79
2012.06.08 10:04:44.632,0.78944,0.78974,2.25,2.44
2012.06.08 10:04:44.763,0.78944,0.7897,2.44,2.25
2012.06.08 10:04:44.914,0.78947,0.78976,2.25,3.00
2012.06.08 10:04:45.200,0.78947,0.78976,2.25,2.25
2012.06.08 10:04:45.663,0.78947,0.78976,2.25,3.00
2012.06.08 10:04:46.280,0.78947,0.78976,2.25,3.00
2012.06.08 10:04:46.435,0.78947,0.78976,2.25,2.25
2012.06.08 10:04:48.863,0.78947,0.78976,2.63,2.25
2012.06.08 10:04:49.444,0.78958,0.78984,2.25,1.50
2012.06.08 10:04:49.628,0.7895,0.7898,3.38,3.00
2012.06.08 10:04:49.850,0.7895,0.7898,2.44,3.00
2012.06.08 10:04:54.205,0.7895,0.7898,2.25,2.44
2012.06.08 10:04:54.599,0.78947,0.78976,3.19,2.25
2012.06.08 10:04:56.042,0.78943,0.78971,2.82,2.25
2012.06.08 10:04:58.533,0.78943,0.78971,2.44,2.25
2012.06.08 10:04:59.110,0.78948,0.78974,2.25,2.44
2012.06.08 10:05:00.011,0.78946,0.7897,1.13,2.25
2012.06.08 10:05:00.324,0.78954,0.78979,2.25,2.85
2012.06.08 10:05:00.391,0.78951,0.78976,2.25,2.85
2012.06.08 10:05:00.875,0.78956,0.78985,2.25,1.13
2012.06.08 10:05:01.002,0.78954,0.7898,2.25,2.25
2012.06.08 10:05:07.520,0.78957,0.78985,2.25,1.13
2012.06.08 10:05:08.361,0.78957,0.78987,2.25,3.19
2012.06.08 10:05:12.701,0.78957,0.78987,2.25,2.44
2012.06.08 10:05:21.389,0.78957,0.78987,2.25,3.19
2012.06.08 10:05:21.845,0.78954,0.7898,2.44,2.25
2012.06.08 10:05:22.459,0.78954,0.7898,2.25,3.00
2012.06.08 10:05:22.780,0.78946,0.78971,2.10,2.25
2012.06.08 10:05:22.900,0.78943,0.78971,2.44,2.25
2012.06.08 10:05:23.160,0.78943,0.78971,2.25,2.44
2012.06.08 10:05:23.702,0.78935,0.78967,3.19,2.25
2012.06.08 10:05:32.084,0.78937,0.78967,1.32,2.25
2012.06.08 10:05:32.320,0.78943,0.78975,2.25,3.60
2012.06.08 10:05:32.812,0.78943,0.78975,2.44,3.04
2012.06.08 10:05:33.785,0.78943,0.78974,2.44,1.54
2012.06.08 10:05:33.855,0.7894,0.78968,2.25,2.25
2012.06.08 10:05:39.022,0.7894,0.78968,2.25,2.44
2012.06.08 10:05:39.178,0.78933,0.78964,2.63,2.25
2012.06.08 10:05:39.241,0.78933,0.78964,2.63,3.00
2012.06.08 10:05:39.311,0.78933,0.78964,2.63,3.00
2012.06.08 10:05:39.442,0.78933,0.78964,2.25,3.19
2012.06.08 10:05:40.330,0.78931,0.78957,2.25,2.25
2012.06.08 10:05:40.854,0.78931,0.78957,2.44,2.25
2012.06.08 10:05:41.041,0.78934,0.78963,2.25,2.25
2012.06.08 10:05:43.911,0.78934,0.78963,3.19,2.25
2012.06.08 10:05:44.102,0.78937,0.78967,2.25,2.85
2012.06.08 10:05:45.171,0.78937,0.78967,3.00,2.25
2012.06.08 10:05:46.382,0.78937,0.78967,3.19,2.25
2012.06.08 10:05:49.535,0.78937,0.78967,3.19,2.25
2012.06.08 10:05:49.600,0.78937,0.78967,3.19,2.25
2012.06.08 10:05:49.662,0.78937,0.78967,2.44,2.25
2012.06.08 10:05:50.422,0.78931,0.78966,1.50,2.25
2012.06.08 10:05:50.712,0.78932,0.7897,1.32,1.13
2012.06.08 10:05:51.623,0.78931,0.7897,3.38,1.13
2012.06.08 10:05:51.943,0.78932,0.78962,1.50,2.25
2012.06.08 10:05:52.009,0.7893,0.78962,3.19,2.25
2012.06.08 10:05:52.173,0.7893,0.78962,2.44,2.25
2012.06.08 10:05:55.693,0.7893,0.78962,2.25,3.00
2012.06.08 10:05:55.953,0.7893,0.78962,2.25,2.25
2012.06.08 10:05:56.749,0.7893,0.78962,2.25,3.19
2012.06.08 10:05:57.066,0.78927,0.78955,2.44,2.25
2012.06.08 10:06:04.388,0.78927,0.78955,3.00,2.25
2012.06.08 10:06:04.777,0.78936,0.78962,2.25,2.44
2012.06.08 10:06:04.917,0.78927,0.78959,2.25,2.44
2012.06.08 10:06:05.173,0.78921,0.78949,1.88,2.25
2012.06.08 10:06:05.303,0.78919,0.78949,1.50,2.25
2012.06.08 10:06:05.848,0.78928,0.78956,2.25,2.44
2012.06.08 10:06:06.471,0.78926,0.78951,2.25,2.25
2012.06.08 10:06:10.384,0.78928,0.78958,2.25,3.19
2012.06.08 10:06:10.451,0.78928,0.78958,2.25,3.19
2012.06.08 10:06:10.582,0.78923,0.78955,2.44,3.00
2012.06.08 10:06:10.773,0.78923,0.78955,2.63,3.00
2012.06.08 10:06:11.240,0.78924,0.78955,1.13,2.25
2012.06.08 10:06:12.641,0.78925,0.78955,1.50,2.25
2012.06.08 10:06:14.821,0.78925,0.78954,1.50,2.25
2012.06.08 10:06:15.280,0.78927,0.78959,2.44,2.85
2012.06.08 10:06:17.368,0.78926,0.78954,1.50,2.25
2012.06.08 10:06:17.492,0.78926,0.78954,1.13,2.25
2012.06.08 10:06:19.380,0.78924,0.78954,3.19,2.25
2012.06.08 10:06:19.751,0.78923,0.7895,1.50,2.25
2012.06.08 10:06:20.500,0.78928,0.7895,1.32,2.25
2012.06.08 10:06:20.564,0.78935,0.78961,2.25,2.25
2012.06.08 10:06:22.028,0.78938,0.78965,2.25,2.25
2012.06.08 10:06:24.993,0.78938,0.78965,2.25,4.35
2012.06.08 10:06:25.140,0.78936,0.78968,3.19,2.25
2012.06.08 10:06:25.505,0.78941,0.78971,2.25,3.19
2012.06.08 10:06:25.940,0.78937,0.78967,2.25,2.25
2012.06.08 10:06:27.109,0.78937,0.78967,2.44,2.25
2012.06.08 10:06:28.591,0.78937,0.78967,2.63,2.25
2012.06.08 10:06:28.941,0.78938,0.78967,1.13,2.25
2012.06.08 10:06:29.941,0.78937,0.78967,3.38,2.25
2012.06.08 10:06:30.501,0.78937,0.78967,3.19,2.25
2012.06.08 10:06:30.741,0.7894,0.78972,2.25,3.19
2012.06.08 10:06:30.811,0.7894,0.78972,2.25,2.44
2012.06.08 10:06:30.941,0.7894,0.78972,2.25,3.19
2012.06.08 10:06:31.171,0.78937,0.78967,2.44,3.00
2012.06.08 10:06:31.275,0.78937,0.78967,2.44,2.25
2012.06.08 10:06:31.380,0.78937,0.78967,2.44,3.00
2012.06.08 10:06:31.604,0.78937,0.78967,2.25,2.25
2012.06.08 10:06:32.218,0.78937,0.78967,2.63,2.25
2012.06.08 10:06:35.286,0.78938,0.78967,1.13,2.25
2012.06.08 10:06:37.015,0.78938,0.78967,1.50,2.25
2012.06.08 10:06:38.049,0.7894,0.78967,1.50,2.25
2012.06.08 10:06:40.223,0.7894,0.78967,1.13,2.25
2012.06.08 10:06:41.445,0.78937,0.78967,2.63,2.25
2012.06.08 10:06:45.721,0.78937,0.78967,3.00,2.25
2012.06.08 10:06:48.853,0.78937,0.78967,3.00,2.25
2012.06.08 10:06:51.711,0.78937,0.78967,3.00,2.25
2012.06.08 10:06:57.171,0.78937,0.78967,2.63,2.25
2012.06.08 10:06:59.457,0.78937,0.78967,2.44,2.25
2012.06.08 10:07:04.049,0.78937,0.78967,3.00,2.25
2012.06.08 10:07:04.714,0.78937,0.78967,2.44,2.25
2012.06.08 10:07:05.387,0.78941,0.78976,1.13,2.10
2012.06.08 10:07:05.877,0.78941,0.78978,1.13,2.44
2012.06.08 10:07:07.128,0.78941,0.78978,1.13,3.19
2012.06.08 10:07:07.462,0.78947,0.78979,2.44,3.00
2012.06.08 10:07:07.978,0.78947,0.78979,3.19,3.00
2012.06.08 10:07:08.044,0.78955,0.78981,2.25,3.19
2012.06.08 10:07:13.360,0.78955,0.78978,2.25,1.35
2012.06.08 10:07:13.609,0.78948,0.78974,2.25,2.25
2012.06.08 10:07:13.733,0.78944,0.7897,2.44,2.25
2012.06.08 10:07:13.915,0.78947,0.78976,2.25,2.85
2012.06.08 10:07:14.853,0.78947,0.78976,2.44,2.85
2012.06.08 10:07:14.926,0.78944,0.78973,1.50,2.25
2012.06.08 10:07:15.399,0.78943,0.78973,3.19,2.25
2012.06.08 10:07:24.183,0.78943,0.78973,2.63,3.00
2012.06.08 10:07:25.482,0.78943,0.78973,3.00,2.25
2012.06.08 10:07:25.817,0.78943,0.78971,2.25,2.25
2012.06.08 10:07:28.122,0.7894,0.78966,3.19,2.25
2012.06.08 10:07:30.041,0.7894,0.78966,2.44,2.25
2012.06.08 10:07:34.129,0.7894,0.78966,2.44,2.25
2012.06.08 10:07:36.705,0.7894,0.78966,2.44,2.25
2012.06.08 10:07:38.199,0.7894,0.78966,3.19,2.25
2012.06.08 10:07:38.259,0.78942,0.78974,3.19,3.60
2012.06.08 10:07:39.056,0.78942,0.78974,3.75,3.60
2012.06.08 10:07:41.105,0.78942,0.78974,3.19,4.17
2012.06.08 10:07:41.172,0.78939,0.78967,3.19,2.25
2012.06.08 10:07:43.520,0.78944,0.7897,2.25,2.25
2012.06.08 10:07:44.001,0.78946,0.78977,2.25,3.23
2012.06.08 10:07:44.070,0.78946,0.78977,2.25,3.04
2012.06.08 10:07:44.700,0.78946,0.78975,2.25,1.35
2012.06.08 10:07:44.925,0.78944,0.7897,2.25,2.25
2012.06.08 10:07:45.135,0.78946,0.78975,2.25,1.54
2012.06.08 10:07:45.776,0.78946,0.78977,2.25,2.25
2012.06.08 10:07:58.203,0.78946,0.78977,2.44,2.25
2012.06.08 10:08:01.172,0.78946,0.78977,2.25,2.25
2012.06.08 10:08:05.893,0.78946,0.78977,2.25,3.00
2012.06.08 10:08:06.164,0.78946,0.78977,2.25,2.25
2012.06.08 10:08:06.975,0.78943,0.78971,2.82,2.25
2012.06.08 10:08:07.381,0.78948,0.78974,2.25,3.00
2012.06.08 10:08:07.705,0.78952,0.78977,2.25,3.00
2012.06.08 10:08:07.773,0.78943,0.78975,2.63,3.00
2012.06.08 10:08:08.216,0.78943,0.78975,2.44,2.25
2012.06.08 10:08:10.192,0.78943,0.78975,2.44,3.00
2012.06.08 10:08:10.893,0.78943,0.78975,2.25,3.19
2012.06.08 10:08:11.634,0.78937,0.78968,1.13,2.25
2012.06.08 10:08:14.385,0.78941,0.78968,1.50,2.25
2012.06.08 10:08:14.453,0.78945,0.78975,1.32,2.25
2012.06.08 10:08:14.522,0.78952,0.78977,2.25,2.25
2012.06.08 10:08:23.742,0.78952,0.78977,2.25,3.19
2012.06.08 10:08:23.913,0.78943,0.78971,2.44,2.25
2012.06.08 10:08:24.161,0.78946,0.78977,2.25,2.44
2012.06.08 10:08:24.232,0.78946,0.78977,3.19,2.25
2012.06.08 10:08:27.129,0.78946,0.78977,2.44,3.00
2012.06.08 10:08:27.743,0.78942,0.78974,2.82,3.00
2012.06.08 10:08:29.691,0.78942,0.78974,2.44,3.00
2012.06.08 10:08:34.660,0.78942,0.78974,2.44,3.00
2012.06.08 10:08:36.405,0.78942,0.78974,3.00,3.00
2012.06.08 10:08:37.464,0.78942,0.78974,3.75,3.00
2012.06.08 10:08:37.969,0.78942,0.78974,3.38,3.00
2012.06.08 10:08:38.172,0.78947,0.78976,2.25,2.25
2012.06.08 10:08:40.723,0.78947,0.78976,2.44,2.25
2012.06.08 10:08:43.220,0.78947,0.78976,2.44,2.25
2012.06.08 10:08:45.219,0.78947,0.78976,2.25,2.25
2012.06.08 10:08:46.960,0.78947,0.78976,2.44,2.25
2012.06.08 10:08:48.715,0.78947,0.78976,3.38,2.25
2012.06.08 10:08:50.378,0.78947,0.78976,3.19,2.25
2012.06.08 10:08:53.693,0.78947,0.78976,2.44,3.00
2012.06.08 10:08:53.880,0.78943,0.78973,2.63,3.00
2012.06.08 10:08:57.061,0.78943,0.78973,2.44,3.00
2012.06.08 10:09:02.014,0.78943,0.78973,2.63,3.00
2012.06.08 10:09:03.410,0.78943,0.78973,3.38,2.25
2012.06.08 10:09:07.185,0.78943,0.78973,2.44,2.25
2012.06.08 10:09:07.315,0.78943,0.78973,3.00,2.25
2012.06.08 10:09:07.381,0.78946,0.78977,2.44,2.25
2012.06.08 10:09:07.722,0.78944,0.7897,2.44,2.25
2012.06.08 10:09:08.076,0.78944,0.7897,2.25,2.25
2012.06.08 10:09:08.803,0.78944,0.7897,2.63,2.25
2012.06.08 10:09:08.876,0.78951,0.78978,2.25,2.25
2012.06.08 10:09:09.432,0.78945,0.78974,1.50,2.25
2012.06.08 10:09:11.097,0.78951,0.78978,2.25,2.25
2012.06.08 10:09:15.452,0.78951,0.78978,3.00,2.25
2012.06.08 10:09:16.088,0.78948,0.78978,2.44,3.00
2012.06.08 10:09:16.153,0.78955,0.78981,2.25,2.82
2012.06.08 10:09:16.382,0.78955,0.78981,2.25,2.44
2012.06.08 10:09:18.674,0.78952,0.78977,2.25,2.25
2012.06.08 10:09:22.358,0.78948,0.78974,3.19,2.25
2012.06.08 10:09:22.492,0.7895,0.7898,3.00,2.44
2012.06.08 10:09:22.719,0.78947,0.78976,3.19,2.25
2012.06.08 10:09:22.781,0.78947,0.78976,3.19,2.25
2012.06.08 10:09:23.653,0.78947,0.78976,3.19,2.25
2012.06.08 10:09:37.662,0.78944,0.7897,2.44,2.25
2012.06.08 10:09:38.073,0.78944,0.7897,3.00,2.25
2012.06.08 10:09:38.793,0.78944,0.7897,3.19,2.25
2012.06.08 10:09:38.861,0.78946,0.78977,3.19,2.25
2012.06.08 10:09:41.411,0.78946,0.78977,3.19,2.25
2012.06.08 10:09:41.609,0.78949,0.78981,3.00,2.44
2012.06.08 10:09:41.920,0.78949,0.78981,2.25,2.44
2012.06.08 10:09:42.041,0.78953,0.78984,2.25,1.50
2012.06.08 10:09:42.434,0.78952,0.78977,2.25,2.25
2012.06.08 10:09:42.832,0.78952,0.78977,2.44,2.25
2012.06.08 10:09:42.900,0.78953,0.78985,2.44,3.60
2012.06.08 10:09:44.011,0.78953,0.78985,2.25,3.79
2012.06.08 10:09:46.622,0.78953,0.78985,2.82,3.60
2012.06.08 10:09:46.750,0.78953,0.78985,2.82,2.25
2012.06.08 10:09:46.820,0.78953,0.78985,3.38,2.25
2012.06.08 10:09:47.189,0.78962,0.78988,2.25,3.00
2012.06.08 10:09:47.252,0.78962,0.78988,2.25,3.00
2012.06.08 10:09:47.526,0.78954,0.78984,3.00,2.25
2012.06.08 10:09:49.071,0.78954,0.78984,2.63,2.25
2012.06.08 10:09:52.603,0.78955,0.78984,2.25,2.25
2012.06.08 10:09:54.742,0.78954,0.78984,3.00,2.25
2012.06.08 10:09:55.905,0.78954,0.78984,2.63,2.25
2012.06.08 10:09:59.625,0.78954,0.78984,2.63,3.00
2012.06.08 10:10:00.172,0.78954,0.78984,2.63,2.25
2012.06.08 10:10:00.243,0.78954,0.78984,4.50,2.25
2012.06.08 10:10:01.110,0.78957,0.78989,4.50,3.00
2012.06.08 10:10:01.393,0.78957,0.78989,4.50,3.00
2012.06.08 10:10:01.704,0.78961,0.78993,2.63,2.25
2012.06.08 10:10:02.173,0.78961,0.78993,3.00,3.00
2012.06.08 10:10:02.548,0.78961,0.78993,3.00,3.00
2012.06.08 10:10:03.424,0.78961,0.78993,3.00,2.25
2012.06.08 10:10:04.402,0.78961,0.78993,3.00,3.00
2012.06.08 10:10:05.282,0.78961,0.78993,3.00,3.00
2012.06.08 10:10:09.676,0.78962,0.78993,2.25,2.25
2012.06.08 10:10:10.205,0.78962,0.78989,3.00,2.25
2012.06.08 10:10:10.331,0.78958,0.78989,2.25,3.00
2012.06.08 10:10:10.862,0.78957,0.78989,5.25,3.00
2012.06.08 10:10:12.186,0.78958,0.78989,2.25,3.00
2012.06.08 10:10:12.752,0.78962,0.78992,2.44,2.25
2012.06.08 10:10:13.902,0.78962,0.78992,3.00,2.25
2012.06.08 10:10:18.722,0.78963,0.78992,2.25,2.25
2012.06.08 10:10:19.229,0.78963,0.78988,2.25,2.25
2012.06.08 10:10:19.492,0.78963,0.78992,2.25,2.25
2012.06.08 10:10:20.271,0.78965,0.78992,2.25,2.25
2012.06.08 10:10:21.125,0.78962,0.78992,4.50,2.25
2012.06.08 10:10:21.678,0.78965,0.78993,2.63,3.00
2012.06.08 10:10:21.906,0.78965,0.78993,3.00,3.00
2012.06.08 10:10:22.092,0.78972,0.78998,2.25,2.25
2012.06.08 10:10:22.196,0.78975,0.79,2.25,1.35
2012.06.08 10:10:22.551,0.78971,0.78999,2.44,3.00
2012.06.08 10:10:23.153,0.78971,0.78999,2.44,3.00
2012.06.08 10:10:25.714,0.78971,0.78999,2.44,3.00
2012.06.08 10:10:26.368,0.78971,0.78999,3.00,2.25
2012.06.08 10:10:26.433,0.78971,0.78999,3.75,2.25
2012.06.08 10:10:26.502,0.78975,0.79003,2.44,2.25
2012.06.08 10:10:26.752,0.78975,0.79003,2.44,3.00
2012.06.08 10:10:27.362,0.78975,0.79003,2.44,3.00
2012.06.08 10:10:28.153,0.78978,0.79009,2.25,3.04
2012.06.08 10:10:28.244,0.78978,0.7901,2.25,3.19
2012.06.08 10:10:28.385,0.78978,0.7901,2.63,3.00
2012.06.08 10:10:28.742,0.78983,0.79012,2.25,2.44
2012.06.08 10:10:28.872,0.78983,0.79012,2.44,2.25
2012.06.08 10:10:29.744,0.78983,0.79012,2.25,2.25
2012.06.08 10:10:30.289,0.7898,0.79006,2.44,2.25
2012.06.08 10:10:31.053,0.7898,0.79006,2.44,2.25
2012.06.08 10:10:31.560,0.78976,0.79002,3.75,2.25
2012.06.08 10:10:33.022,0.78976,0.79002,3.38,2.25
2012.06.08 10:10:34.522,0.7898,0.79006,2.25,2.25
2012.06.08 10:10:34.731,0.78984,0.79009,2.25,3.00
2012.06.08 10:10:35.283,0.78984,0.79009,2.44,2.25
2012.06.08 10:10:35.838,0.78979,0.79011,2.44,2.44
2012.06.08 10:10:35.904,0.78979,0.79011,2.44,3.19
2012.06.08 10:10:36.428,0.78975,0.7901,1.50,2.44
2012.06.08 10:10:36.753,0.7898,0.79008,2.44,3.00
2012.06.08 10:10:36.823,0.7898,0.79008,2.44,2.25
2012.06.08 10:10:37.204,0.78981,0.79003,1.32,2.25
2012.06.08 10:10:37.330,0.78988,0.79013,2.25,2.25
2012.06.08 10:10:37.513,0.7898,0.7901,3.00,2.25
2012.06.08 10:10:38.435,0.7898,0.7901,3.00,2.25
2012.06.08 10:10:44.356,0.7898,0.7901,3.00,2.25
2012.06.08 10:10:44.439,0.78988,0.79013,2.25,2.25
2012.06.08 10:10:45.543,0.78983,0.7901,2.44,2.25
2012.06.08 10:10:48.136,0.78983,0.7901,2.44,3.00
2012.06.08 10:10:48.733,0.7898,0.7901,2.44,2.25
2012.06.08 10:10:49.725,0.7898,0.7901,3.00,2.25
2012.06.08 10:10:51.485,0.7898,0.7901,2.44,2.25
2012.06.08 10:10:51.742,0.7898,0.7901,2.44,3.00
2012.06.08 10:10:52.247,0.78984,0.79009,2.25,3.00
2012.06.08 10:10:52.610,0.78977,0.79006,1.13,2.25
2012.06.08 10:10:52.729,0.78983,0.7901,2.25,2.25
2012.06.08 10:10:54.236,0.78983,0.7901,2.44,3.00
2012.06.08 10:10:54.414,0.78983,0.7901,2.44,2.25
2012.06.08 10:10:54.481,0.78983,0.7901,2.44,2.25
2012.06.08 10:10:54.922,0.78986,0.79017,2.25,3.00
2012.06.08 10:10:57.045,0.78986,0.79017,3.00,2.25
2012.06.08 10:10:57.645,0.78986,0.79017,1.50,2.25
2012.06.08 10:10:58.764,0.78986,0.79017,1.13,2.25
2012.06.08 10:11:00.941,0.78986,0.79017,1.50,2.25
2012.06.08 10:11:02.592,0.78985,0.79017,3.75,2.25
2012.06.08 10:11:04.491,0.78985,0.79017,2.44,2.25
2012.06.08 10:11:04.561,0.78983,0.79012,2.63,2.25
2012.06.08 10:11:04.810,0.78985,0.79017,3.19,2.25
2012.06.08 10:11:05.123,0.78987,0.79017,1.13,2.25
2012.06.08 10:11:06.638,0.78985,0.79017,2.63,3.00
2012.06.08 10:11:06.703,0.78985,0.79017,2.44,3.00
2012.06.08 10:11:07.003,0.78982,0.7901,1.50,2.25
2012.06.08 10:11:07.783,0.78982,0.79013,3.75,2.25
2012.06.08 10:11:10.513,0.78982,0.79009,1.13,2.25
2012.06.08 10:11:10.740,0.78983,0.79012,2.63,2.25
2012.06.08 10:11:13.593,0.78983,0.79012,3.00,2.25
2012.06.08 10:11:18.652,0.78983,0.79012,2.44,2.25
2012.06.08 10:11:19.327,0.78983,0.79012,3.00,2.25
2012.06.08 10:11:19.534,0.78985,0.79017,3.19,2.25
2012.06.08 10:11:19.864,0.78984,0.79013,1.50,2.25
2012.06.08 10:11:21.025,0.78984,0.79013,1.13,2.25
2012.06.08 10:11:24.762,0.78982,0.79013,3.75,2.25
2012.06.08 10:11:27.732,0.78983,0.79013,1.50,2.25
2012.06.08 10:11:30.520,0.78982,0.7901,1.50,2.25
2012.06.08 10:11:30.702,0.78981,0.7901,1.13,2.25
2012.06.08 10:11:32.573,0.78978,0.7901,3.19,2.25
2012.06.08 10:11:34.502,0.78978,0.7901,2.44,3.00
2012.06.08 10:11:34.725,0.78978,0.7901,3.19,2.25
2012.06.08 10:11:35.105,0.78982,0.7901,1.13,2.25
2012.06.08 10:11:35.353,0.78988,0.79018,2.25,2.29
2012.06.08 10:11:37.952,0.78988,0.7902,2.44,3.00
2012.06.08 10:11:38.021,0.78988,0.7902,2.44,3.00
2012.06.08 10:11:40.711,0.78988,0.7902,3.19,2.25
2012.06.08 10:11:41.682,0.78988,0.7902,2.63,3.00
2012.06.08 10:11:42.255,0.78988,0.7902,2.44,3.19
2012.06.08 10:11:47.250,0.78988,0.7902,2.44,3.19
2012.06.08 10:11:47.312,0.78984,0.79016,3.00,2.25
2012.06.08 10:11:47.383,0.78984,0.79016,2.44,2.25
2012.06.08 10:11:50.281,0.78984,0.79016,2.44,2.25
2012.06.08 10:11:50.953,0.78984,0.79016,2.25,2.44
2012.06.08 10:11:51.083,0.78983,0.79008,2.25,2.25
2012.06.08 10:11:51.522,0.78975,0.79005,3.75,2.25
2012.06.08 10:11:54.354,0.78975,0.79005,3.38,2.25
2012.06.08 10:11:56.554,0.78975,0.79005,3.38,2.25
2012.06.08 10:12:00.408,0.78975,0.79005,3.19,2.25
2012.06.08 10:12:00.532,0.7898,0.79006,3.00,2.25
2012.06.08 10:12:01.166,0.78982,0.79013,2.25,3.04
2012.06.08 10:12:01.672,0.78983,0.79013,1.13,2.25
2012.06.08 10:12:02.753,0.78986,0.79013,1.13,2.25
2012.06.08 10:12:06.500,0.78987,0.79013,1.88,2.25
2012.06.08 10:12:06.655,0.78995,0.79021,2.25,2.25
2012.06.08 10:12:06.719,0.78995,0.79021,2.25,3.00
2012.06.08 10:12:07.117,0.78995,0.79021,2.25,2.25
2012.06.08 10:12:07.346,0.79001,0.79026,2.25,3.00
2012.06.08 10:12:07.592,0.78994,0.7902,2.25,3.19
2012.06.08 10:12:07.721,0.78994,0.79019,2.25,1.13
2012.06.08 10:12:07.892,0.78982,0.79013,3.19,3.00
2012.06.08 10:12:08.022,0.78985,0.79017,2.25,3.19
2012.06.08 10:12:08.449,0.78985,0.79017,2.25,2.44
2012.06.08 10:12:09.115,0.7898,0.7901,3.00,2.25
2012.06.08 10:12:11.183,0.7898,0.7901,2.44,3.00
2012.06.08 10:12:12.612,0.7898,0.7901,2.44,2.25
2012.06.08 10:12:13.544,0.7898,0.7901,2.25,2.25
2012.06.08 10:12:14.155,0.7898,0.7901,2.25,3.00
2012.06.08 10:12:15.890,0.7898,0.7901,2.44,3.00
2012.06.08 10:12:16.137,0.7898,0.7901,2.44,2.25
2012.06.08 10:12:16.591,0.78977,0.79003,3.00,2.25
2012.06.08 10:12:16.752,0.78977,0.79003,2.44,2.25
2012.06.08 10:12:16.822,0.78979,0.79011,2.25,2.44
2012.06.08 10:12:17.959,0.78979,0.79011,2.44,2.44
2012.06.08 10:12:18.346,0.78979,0.79011,2.44,3.19
2012.06.08 10:12:18.788,0.78977,0.79003,2.25,2.25
2012.06.08 10:12:20.204,0.78973,0.79003,2.44,3.00
2012.06.08 10:12:20.279,0.78973,0.79003,2.44,3.00
2012.06.08 10:12:20.428,0.78973,0.79003,2.44,3.00
2012.06.08 10:12:22.682,0.78973,0.79003,2.44,3.00
2012.06.08 10:12:23.965,0.78973,0.79003,3.19,2.25
2012.06.08 10:12:31.382,0.78973,0.79003,2.44,2.25
2012.06.08 10:12:31.452,0.78971,0.79,1.50,2.25
2012.06.08 10:12:32.592,0.78969,0.79,3.19,2.25
2012.06.08 10:12:34.043,0.78971,0.79,1.13,2.25
2012.06.08 10:12:34.635,0.78973,0.79,1.13,2.25
2012.06.08 10:12:34.837,0.7898,0.7901,2.25,4.54
2012.06.08 10:12:34.962,0.7898,0.7901,2.63,2.25
2012.06.08 10:12:35.099,0.78988,0.79013,2.25,3.19
2012.06.08 10:12:35.523,0.78986,0.79016,2.25,3.00
2012.06.08 10:12:35.665,0.78986,0.79016,2.25,3.00
2012.06.08 10:12:36.878,0.78979,0.79009,2.63,3.00
2012.06.08 10:12:37.584,0.78979,0.79009,2.63,3.00
2012.06.08 10:12:38.093,0.78979,0.79009,2.63,3.00
2012.06.08 10:12:39.402,0.78979,0.79009,2.63,3.00
2012.06.08 10:12:39.532,0.78979,0.79009,2.44,3.00
2012.06.08 10:12:39.600,0.78975,0.79005,3.00,2.25
2012.06.08 10:12:40.735,0.78975,0.79005,2.63,2.25
2012.06.08 10:12:43.042,0.78975,0.79005,2.44,2.25
2012.06.08 10:12:44.589,0.78975,0.79005,2.25,2.44
2012.06.08 10:12:44.654,0.78975,0.79005,2.25,3.79
2012.06.08 10:12:44.781,0.78975,0.79005,2.25,3.04
2012.06.08 10:12:45.505,0.78975,0.79005,2.25,3.79
2012.06.08 10:12:48.692,0.78975,0.79005,2.25,3.79
2012.06.08 10:12:48.791,0.7897,0.79002,2.44,3.00
2012.06.08 10:12:49.451,0.7897,0.79002,2.44,3.00
2012.06.08 10:12:51.398,0.7897,0.79002,3.19,2.25
2012.06.08 10:12:51.592,0.78976,0.79002,2.25,2.25
2012.06.08 10:12:51.896,0.78979,0.79007,2.25,3.00
2012.06.08 10:13:00.744,0.78979,0.79007,2.25,3.60
2012.06.08 10:13:01.452,0.78979,0.79007,2.25,2.85
2012.06.08 10:13:06.372,0.78979,0.79007,2.25,3.60
2012.06.08 10:13:06.621,0.78976,0.79002,2.25,2.25
2012.06.08 10:13:12.423,0.78976,0.79002,3.19,2.25
2012.06.08 10:13:13.098,0.78976,0.79002,3.19,2.25
2012.06.08 10:13:13.163,0.78979,0.79009,2.25,3.60
2012.06.08 10:13:13.368,0.78979,0.79009,3.00,2.85
2012.06.08 10:13:13.486,0.78979,0.79009,2.25,3.60
2012.06.08 10:13:14.204,0.78979,0.79009,2.44,3.60
2012.06.08 10:13:15.458,0.78979,0.79009,2.44,3.60
2012.06.08 10:13:16.144,0.78986,0.79012,3.00,2.25
2012.06.08 10:13:17.059,0.78992,0.79017,2.25,2.25
2012.06.08 10:13:27.702,0.78992,0.79017,2.25,3.00
2012.06.08 10:13:27.771,0.78986,0.79012,2.63,2.25
2012.06.08 10:13:27.954,0.78986,0.79012,2.25,2.25
2012.06.08 10:13:34.811,0.78986,0.79012,2.25,3.00
2012.06.08 10:13:34.942,0.78986,0.79012,2.25,2.25
2012.06.08 10:13:35.168,0.78981,0.7901,2.10,2.25
2012.06.08 10:13:35.231,0.78981,0.7901,1.54,2.25
2012.06.08 10:13:35.301,0.78983,0.79012,2.25,2.25
2012.06.08 10:13:35.994,0.78983,0.79012,2.63,2.25
2012.06.08 10:13:40.422,0.78983,0.79012,2.44,3.00
2012.06.08 10:13:40.762,0.78983,0.79012,2.44,2.25
2012.06.08 10:13:40.832,0.78983,0.79012,2.25,3.00
2012.06.08 10:13:44.558,0.78983,0.79012,2.25,2.25
2012.06.08 10:13:44.809,0.78979,0.79009,3.57,2.25
2012.06.08 10:13:45.344,0.78981,0.79009,1.13,2.25
2012.06.08 10:13:46.323,0.78981,0.79009,1.13,2.25
2012.06.08 10:13:48.511,0.78981,0.79009,1.13,2.25
2012.06.08 10:13:54.585,0.78979,0.79009,3.00,3.00
2012.06.08 10:13:55.073,0.78982,0.79009,1.13,2.25
2012.06.08 10:13:55.465,0.78981,0.79009,1.13,2.25
2012.06.08 10:13:56.399,0.78981,0.79009,1.13,2.25
2012.06.08 10:14:02.191,0.78981,0.79009,1.13,2.25
2012.06.08 10:14:02.557,0.78979,0.79009,2.63,3.60
2012.06.08 10:14:02.744,0.78983,0.79009,1.88,2.25
2012.06.08 10:14:02.811,0.78983,0.79011,1.88,2.25
2012.06.08 10:14:03.915,0.78987,0.79019,3.19,2.25
2012.06.08 10:14:03.983,0.78996,0.79025,2.25,3.38
2012.06.08 10:14:04.315,0.78992,0.7902,2.25,3.00
2012.06.08 10:14:04.774,0.78985,0.79015,2.44,2.25
2012.06.08 10:14:05.533,0.78985,0.79015,2.25,3.00
2012.06.08 10:14:06.133,0.78985,0.79015,2.25,2.25
2012.06.08 10:14:06.677,0.78992,0.7902,2.25,3.19
2012.06.08 10:14:15.926,0.78992,0.7902,2.25,2.44
2012.06.08 10:14:17.252,0.78992,0.7902,2.25,3.19
2012.06.08 10:14:20.240,0.78992,0.79019,2.25,1.54
2012.06.08 10:14:20.365,0.78985,0.79011,2.25,2.25
2012.06.08 10:14:20.985,0.78985,0.79011,3.00,2.25
2012.06.08 10:14:21.112,0.78988,0.79018,2.25,2.63
2012.06.08 10:14:21.984,0.78988,0.79018,2.25,2.44
2012.06.08 10:14:22.494,0.78988,0.79018,2.63,2.25
2012.06.08 10:14:22.933,0.78988,0.79018,2.25,2.44
2012.06.08 10:14:24.475,0.78988,0.79018,2.25,2.63
2012.06.08 10:14:27.342,0.78988,0.79018,2.25,2.44
2012.06.08 10:14:29.535,0.78988,0.79018,2.25,3.38
2012.06.08 10:14:31.532,0.78984,0.79012,2.25,2.44
2012.06.08 10:14:31.913,0.78984,0.79012,3.00,2.44
2012.06.08 10:14:31.984,0.78988,0.79016,2.25,2.44
2012.06.08 10:14:32.285,0.78984,0.79012,2.44,2.25
2012.06.08 10:14:36.733,0.78978,0.79007,3.57,2.25
2012.06.08 10:14:36.962,0.78985,0.79011,2.25,2.44
2012.06.08 10:14:37.142,0.78978,0.79008,1.32,2.25
2012.06.08 10:14:37.606,0.78977,0.79008,2.44,2.25
2012.06.08 10:14:37.680,0.78982,0.79008,1.13,2.25
2012.06.08 10:14:37.813,0.78987,0.79018,2.25,1.50
2012.06.08 10:14:38.035,0.78984,0.79012,2.25,2.44
2012.06.08 10:14:38.170,0.78987,0.79018,2.25,1.50
2012.06.08 10:14:39.047,0.78987,0.79018,2.25,1.13
2012.06.08 10:14:41.472,0.78987,0.79018,2.25,1.13
2012.06.08 10:14:44.062,0.78985,0.79011,2.25,2.25
2012.06.08 10:14:44.299,0.78987,0.79018,2.25,1.13
2012.06.08 10:14:46.174,0.78984,0.79012,2.25,2.25
2012.06.08 10:14:46.472,0.78987,0.79018,2.25,1.13
2012.06.08 10:14:49.481,0.78984,0.79014,2.25,3.00
2012.06.08 10:14:50.021,0.78984,0.79014,2.63,3.19
2012.06.08 10:14:50.290,0.78987,0.79019,2.25,5.25
2012.06.08 10:14:50.712,0.78987,0.79019,2.25,3.19
2012.06.08 10:14:51.934,0.78987,0.79019,2.44,2.44
2012.06.08 10:14:53.012,0.78987,0.79019,2.44,3.00
2012.06.08 10:14:55.321,0.78987,0.79019,2.44,3.00
2012.06.08 10:14:58.183,0.78987,0.79019,2.63,3.00
2012.06.08 10:15:00.491,0.78987,0.79019,2.63,3.00
2012.06.08 10:15:01.882,0.78987,0.79019,2.63,2.25
2012.06.08 10:15:05.309,0.78987,0.79019,2.63,3.00
2012.06.08 10:15:06.875,0.78987,0.79019,2.44,3.00
2012.06.08 10:15:07.714,0.78987,0.79018,2.25,1.32
2012.06.08 10:15:08.242,0.78987,0.79015,2.25,1.13
2012.06.08 10:15:08.313,0.78984,0.79012,2.25,2.25
2012.06.08 10:15:08.444,0.78984,0.79011,2.25,1.13
2012.06.08 10:15:08.515,0.78978,0.79007,2.44,2.25
2012.06.08 10:15:08.805,0.78981,0.79011,2.25,3.00
2012.06.08 10:15:08.931,0.78981,0.79011,2.25,2.85
2012.06.08 10:15:09.061,0.78979,0.79004,2.44,2.25
2012.06.08 10:15:09.683,0.78979,0.79004,2.25,2.25
2012.06.08 10:15:11.141,0.78974,0.79002,2.63,2.25
2012.06.08 10:15:11.263,0.78978,0.79007,2.25,2.25
2012.06.08 10:15:11.484,0.78985,0.79015,2.25,3.00
2012.06.08 10:15:11.616,0.78985,0.79015,2.25,2.25
2012.06.08 10:15:13.035,0.78985,0.79015,2.44,2.25
2012.06.08 10:15:15.235,0.78985,0.79015,2.25,2.44
2012.06.08 10:15:15.969,0.78985,0.79011,3.00,2.25
2012.06.08 10:15:16.191,0.78987,0.79019,3.00,2.44
2012.06.08 10:15:18.772,0.78987,0.79019,3.00,2.44
2012.06.08 10:15:20.100,0.78987,0.79019,3.00,3.00
2012.06.08 10:15:20.281,0.78984,0.79014,2.25,3.00
2012.06.08 10:15:21.523,0.78984,0.79014,2.25,3.75
2012.06.08 10:15:41.524,0.78984,0.79014,3.00,3.00
2012.06.08 10:15:42.694,0.78984,0.79014,2.25,3.75
2012.06.08 10:15:43.223,0.78985,0.79013,2.25,1.50
2012.06.08 10:15:43.292,0.78985,0.79013,2.25,1.50
2012.06.08 10:15:43.362,0.78981,0.79009,2.25,3.00
2012.06.08 10:15:43.492,0.78986,0.79012,2.25,2.44
2012.06.08 10:15:51.343,0.78986,0.79012,2.25,2.44
2012.06.08 10:15:54.427,0.78986,0.79012,2.25,2.63
2012.06.08 10:15:57.943,0.78986,0.79012,2.25,2.44
2012.06.08 10:16:05.545,0.78986,0.79012,2.25,2.44
2012.06.08 10:16:05.731,0.78989,0.79013,2.25,1.13
2012.06.08 10:16:06.295,0.78977,0.79009,3.19,2.25
2012.06.08 10:16:06.363,0.78977,0.79009,3.00,2.44
2012.06.08 10:16:06.491,0.78981,0.79013,2.25,3.75
2012.06.08 10:16:07.072,0.78981,0.79008,2.25,1.13
2012.06.08 10:16:07.141,0.78977,0.79009,3.00,3.00
2012.06.08 10:16:07.261,0.78986,0.7901,2.25,2.25
2012.06.08 10:16:07.415,0.78986,0.79013,2.25,1.13
2012.06.08 10:16:09.943,0.78986,0.79013,2.25,1.13
2012.06.08 10:16:10.308,0.78982,0.79012,2.25,2.44
2012.06.08 10:16:10.692,0.78978,0.79008,2.44,2.25
2012.06.08 10:16:11.012,0.78986,0.79012,2.25,2.44
2012.06.08 10:16:15.882,0.78986,0.79012,2.25,2.63
2012.06.08 10:16:17.980,0.78986,0.79012,2.25,2.44
2012.06.08 10:16:21.117,0.78986,0.79012,3.00,2.44
2012.06.08 10:16:22.413,0.78986,0.79012,2.25,2.44
2012.06.08 10:16:23.369,0.78986,0.79012,2.25,2.44
2012.06.08 10:16:25.022,0.78986,0.79012,2.25,2.44
2012.06.08 10:16:36.852,0.78989,0.79014,2.25,1.13
2012.06.08 10:16:37.201,0.78993,0.79017,2.25,1.35
2012.06.08 10:16:37.272,0.78993,0.79019,2.25,1.73
2012.06.08 10:16:37.402,0.78993,0.79014,2.25,1.13
2012.06.08 10:16:37.533,0.78982,0.7901,2.25,2.44
2012.06.08 10:16:38.416,0.78982,0.7901,2.25,3.00
2012.06.08 10:16:44.110,0.78976,0.79005,2.25,2.25
2012.06.08 10:16:44.452,0.78976,0.79005,2.25,2.44
2012.06.08 10:16:46.196,0.78976,0.79005,3.00,2.44
2012.06.08 10:16:46.262,0.78976,0.79005,3.00,2.25
2012.06.08 10:16:50.273,0.78982,0.7901,3.00,2.63
2012.06.08 10:16:50.422,0.78982,0.7901,3.00,2.25
2012.06.08 10:16:50.567,0.78985,0.79017,2.25,3.60
2012.06.08 10:16:50.897,0.78993,0.79017,2.25,1.35
2012.06.08 10:16:51.278,0.78993,0.7902,2.25,3.00
2012.06.08 10:16:54.714,0.78993,0.79018,2.25,1.88
2012.06.08 10:16:54.856,0.78986,0.79012,2.25,2.25
2012.06.08 10:16:56.431,0.78988,0.79019,2.25,3.00
2012.06.08 10:16:56.494,0.78988,0.79019,2.25,2.63
2012.06.08 10:17:04.569,0.78995,0.79022,2.25,2.25
2012.06.08 10:17:05.725,0.78994,0.79019,2.25,3.38
2012.06.08 10:17:07.182,0.78994,0.79019,2.25,3.19
2012.06.08 10:17:13.011,0.78994,0.79019,2.25,3.00
2012.06.08 10:17:16.851,0.78994,0.79019,2.25,2.44
2012.06.08 10:17:18.149,0.78994,0.79019,2.25,3.00
2012.06.08 10:17:21.665,0.78994,0.79018,2.25,1.13
2012.06.08 10:17:26.148,0.78994,0.79019,2.25,3.75
2012.06.08 10:17:28.190,0.78994,0.79019,2.25,3.19
2012.06.08 10:17:31.947,0.78994,0.79019,2.25,3.19
2012.06.08 10:17:32.407,0.78996,0.7902,2.25,1.13
2012.06.08 10:17:33.147,0.78996,0.79019,2.25,1.50
2012.06.08 10:17:33.726,0.78989,0.79018,2.25,3.00
2012.06.08 10:17:35.003,0.78989,0.79018,2.25,3.00
2012.06.08 10:17:36.117,0.78989,0.79018,2.25,2.44
2012.06.08 10:17:36.504,0.78995,0.79023,2.25,3.00
2012.06.08 10:17:36.883,0.78995,0.79023,2.25,1.50
2012.06.08 10:17:41.054,0.78995,0.79025,2.25,1.50
2012.06.08 10:17:42.343,0.78994,0.79019,2.25,2.44
2012.06.08 10:17:44.383,0.78994,0.79019,2.25,3.19
2012.06.08 10:17:45.352,0.78986,0.79016,2.25,2.44
2012.06.08 10:17:52.395,0.78986,0.79016,2.25,3.00
2012.06.08 10:17:54.284,0.78986,0.79014,2.25,1.13
2012.06.08 10:17:54.618,0.78983,0.79009,3.00,2.44
2012.06.08 10:17:54.803,0.78983,0.79009,2.25,3.19
2012.06.08 10:17:55.385,0.78983,0.79008,2.25,1.50
2012.06.08 10:17:55.945,0.78985,0.7901,2.25,2.25
2012.06.08 10:17:56.015,0.7898,0.79007,2.25,3.00
2012.06.08 10:18:04.923,0.7898,0.79007,2.25,2.44
2012.06.08 10:18:05.067,0.78976,0.79008,3.00,2.44
2012.06.08 10:18:07.963,0.78976,0.79008,2.25,3.19
2012.06.08 10:18:08.924,0.78977,0.79005,2.25,3.75
2012.06.08 10:18:10.524,0.78977,0.79005,2.25,2.44
2012.06.08 10:18:10.830,0.78969,0.79001,2.44,2.25
2012.06.08 10:18:10.912,0.78969,0.79001,3.19,2.25
2012.06.08 10:18:11.222,0.78977,0.79005,2.25,2.44
2012.06.08 10:18:13.434,0.78977,0.79004,2.25,1.13
2012.06.08 10:18:14.024,0.7897,0.79,2.25,2.44
2012.06.08 10:18:14.153,0.78972,0.78997,2.25,2.25
2012.06.08 10:18:14.891,0.78963,0.78995,3.19,2.25
2012.06.08 10:18:15.683,0.78963,0.78995,3.00,2.44
2012.06.08 10:18:16.186,0.78963,0.78995,3.00,2.44
2012.06.08 10:18:17.041,0.78963,0.78995,3.00,2.44
2012.06.08 10:18:17.444,0.78963,0.78995,3.00,2.44
2012.06.08 10:18:17.824,0.78972,0.78997,2.25,2.44
2012.06.08 10:18:18.445,0.78974,0.79,2.25,1.13
2012.06.08 10:18:18.597,0.78967,0.78998,3.00,2.44
2012.06.08 10:18:19.246,0.78967,0.78998,3.00,2.63
2012.06.08 10:18:20.713,0.78974,0.79001,2.25,2.85
2012.06.08 10:18:20.781,0.78974,0.79002,2.25,3.23
2012.06.08 10:18:21.353,0.78968,0.78997,2.25,2.25
2012.06.08 10:18:21.423,0.78974,0.79002,2.25,3.23
2012.06.08 10:18:21.491,0.78968,0.78997,2.25,2.25
2012.06.08 10:18:21.692,0.78974,0.79002,2.25,3.23
2012.06.08 10:18:22.026,0.78967,0.78998,3.00,2.25
2012.06.08 10:18:22.092,0.78967,0.78998,3.00,2.63
2012.06.08 10:18:22.434,0.78975,0.79001,2.25,3.60
2012.06.08 10:18:22.624,0.78967,0.78998,3.00,2.63
2012.06.08 10:18:22.813,0.78974,0.79001,2.25,1.35
2012.06.08 10:18:22.943,0.78974,0.79001,2.25,1.17
2012.06.08 10:18:23.701,0.78967,0.78998,3.00,2.25
2012.06.08 10:18:23.777,0.78975,0.79001,2.25,3.04
2012.06.08 10:18:23.930,0.78968,0.78997,2.25,2.25
2012.06.08 10:18:24.314,0.78975,0.79001,2.25,3.60
2012.06.08 10:18:24.536,0.78967,0.78998,3.00,2.63
2012.06.08 10:18:24.781,0.78975,0.79001,2.25,3.60
2012.06.08 10:18:24.901,0.78967,0.78998,3.00,2.63
2012.06.08 10:18:25.252,0.78975,0.79001,2.25,3.60
2012.06.08 10:18:26.116,0.78975,0.79001,2.25,3.04
2012.06.08 10:18:27.357,0.78975,0.79001,2.25,2.44
2012.06.08 10:18:27.781,0.78977,0.79007,2.25,2.25
2012.06.08 10:18:28.003,0.78977,0.79009,2.25,3.98
2012.06.08 10:18:29.872,0.78977,0.79007,2.25,1.13
2012.06.08 10:18:30.147,0.78973,0.79004,2.25,1.13
2012.06.08 10:18:30.362,0.78969,0.79001,3.19,2.25
2012.06.08 10:18:31.182,0.78969,0.79001,3.00,2.44
2012.06.08 10:18:31.804,0.78969,0.79001,2.25,2.44
2012.06.08 10:18:32.365,0.78969,0.79001,3.00,2.44
2012.06.08 10:18:33.131,0.78969,0.79001,2.25,2.63
2012.06.08 10:18:35.821,0.78969,0.79001,2.25,4.50
2012.06.08 10:18:36.013,0.78965,0.78997,3.00,2.63
2012.06.08 10:18:36.971,0.78965,0.78997,2.25,3.38
2012.06.08 10:18:37.273,0.78965,0.78997,2.44,2.25
2012.06.08 10:18:37.341,0.78969,0.79,2.25,1.73
2012.06.08 10:18:40.124,0.78969,0.78999,2.25,1.13
2012.06.08 10:18:49.026,0.78969,0.79,2.25,1.35
2012.06.08 10:18:51.114,0.78969,0.79001,2.25,2.44
2012.06.08 10:18:52.630,0.78969,0.79001,2.25,3.00
2012.06.08 10:18:53.975,0.78969,0.79001,2.25,2.44
2012.06.08 10:18:54.621,0.78969,0.79001,3.00,2.44
2012.06.08 10:18:55.274,0.78969,0.79001,2.25,2.44
2012.06.08 10:18:55.393,0.78969,0.79001,3.00,2.44
2012.06.08 10:18:56.419,0.78969,0.79001,3.00,2.44
2012.06.08 10:18:57.915,0.78969,0.79001,2.25,2.44
2012.06.08 10:18:59.319,0.78969,0.79001,2.25,2.63
2012.06.08 10:19:01.414,0.78969,0.79001,3.00,2.44
2012.06.08 10:19:01.713,0.78974,0.79004,2.25,3.19
2012.06.08 10:19:02.354,0.78974,0.79004,2.25,3.19
2012.06.08 10:19:03.120,0.78972,0.78997,2.25,2.25
2012.06.08 10:19:07.336,0.78975,0.79001,2.25,2.63
2012.06.08 10:19:07.550,0.78975,0.79001,2.25,2.44
2012.06.08 10:19:12.001,0.78975,0.79001,2.25,2.44
2012.06.08 10:19:14.525,0.78983,0.79009,2.25,3.38
2012.06.08 10:19:15.034,0.78983,0.79009,2.25,4.13
2012.06.08 10:19:15.107,0.78972,0.78999,2.25,2.25
2012.06.08 10:19:15.232,0.78972,0.78999,2.25,2.44
2012.06.08 10:19:15.302,0.78965,0.78995,3.00,2.25
2012.06.08 10:19:15.751,0.78972,0.78999,2.25,2.44
2012.06.08 10:19:16.050,0.78965,0.78995,3.00,2.25
2012.06.08 10:19:17.441,0.78965,0.78995,3.19,2.25
2012.06.08 10:19:17.501,0.78972,0.78999,3.00,2.63
2012.06.08 10:19:20.446,0.78972,0.78999,3.00,2.44
2012.06.08 10:19:29.698,0.78965,0.78995,3.19,2.25
2012.06.08 10:19:30.676,0.78965,0.78995,3.00,2.44
2012.06.08 10:19:30.973,0.78972,0.78999,2.25,2.82
2012.06.08 10:19:31.534,0.78965,0.78995,3.19,2.25
2012.06.08 10:19:31.602,0.78973,0.78998,2.25,2.25
2012.06.08 10:19:35.534,0.78965,0.78995,2.44,2.25
2012.06.08 10:19:36.464,0.78965,0.78995,2.25,2.44
2012.06.08 10:19:37.188,0.78965,0.78995,3.00,2.44
2012.06.08 10:19:38.898,0.78965,0.78995,3.00,2.44
2012.06.08 10:19:40.600,0.78965,0.78995,3.00,2.44
2012.06.08 10:19:40.721,0.78965,0.78995,3.00,2.44
2012.06.08 10:19:40.842,0.78972,0.78999,2.25,2.44
2012.06.08 10:19:41.833,0.78972,0.78999,2.25,2.44
2012.06.08 10:19:47.670,0.78972,0.78999,2.25,2.25
2012.06.08 10:19:59.353,0.78972,0.78998,2.25,2.25
2012.06.08 10:19:59.425,0.78961,0.78989,3.19,2.25
2012.06.08 10:20:03.103,0.78961,0.78989,3.19,2.25
2012.06.08 10:20:03.177,0.78964,0.78996,3.38,2.25
2012.06.08 10:20:03.417,0.78964,0.78996,2.25,2.44
2012.06.08 10:20:03.674,0.78964,0.78996,3.00,2.44
2012.06.08 10:20:04.674,0.78964,0.78996,2.25,2.44
2012.06.08 10:20:08.724,0.78964,0.78996,2.25,3.00
2012.06.08 10:20:08.872,0.78964,0.78994,2.25,1.32
2012.06.08 10:20:08.943,0.78961,0.78989,2.25,3.00
2012.06.08 10:20:13.414,0.78961,0.78989,3.19,2.25
2012.06.08 10:20:13.632,0.78961,0.78989,3.19,2.25
2012.06.08 10:20:13.700,0.78965,0.78993,2.25,2.44
2012.06.08 10:20:14.522,0.78969,0.78997,2.25,2.63
2012.06.08 10:20:20.845,0.78969,0.78997,2.25,3.19
2012.06.08 10:20:21.350,0.7897,0.78996,2.25,2.44
2012.06.08 10:20:23.864,0.7897,0.78996,2.25,2.44
2012.06.08 10:20:24.720,0.7897,0.78996,2.25,3.19
2012.06.08 10:20:24.775,0.7897,0.78996,2.25,2.44
2012.06.08 10:20:47.058,0.7897,0.78996,2.25,3.19
2012.06.08 10:20:47.125,0.7897,0.78996,2.25,2.44
2012.06.08 10:20:49.395,0.7897,0.78996,2.25,2.44
2012.06.08 10:20:51.275,0.7897,0.78996,2.25,2.25
2012.06.08 10:20:51.753,0.7897,0.78996,2.25,3.38
2012.06.08 10:20:51.822,0.78966,0.78992,2.25,2.25
2012.06.08 10:20:52.012,0.78961,0.78989,3.19,2.25
2012.06.08 10:20:52.995,0.78961,0.78989,2.44,2.25
2012.06.08 10:20:57.311,0.78964,0.78996,2.25,3.23
2012.06.08 10:20:57.493,0.78972,0.78999,2.25,3.00
2012.06.08 10:20:57.622,0.78972,0.78999,2.25,2.44
2012.06.08 10:20:57.959,0.78975,0.79004,2.25,1.32
2012.06.08 10:20:58.145,0.78972,0.78999,2.25,2.25
2012.06.08 10:20:59.084,0.78964,0.78996,3.75,2.25
2012.06.08 10:21:07.142,0.78964,0.78996,3.19,2.25
2012.06.08 10:21:14.284,0.78964,0.78996,3.19,2.44
2012.06.08 10:21:14.463,0.78964,0.78996,2.44,2.44
2012.06.08 10:21:16.043,0.78964,0.78996,2.25,2.44
2012.06.08 10:21:17.253,0.78964,0.78996,2.44,2.25
2012.06.08 10:21:21.343,0.78973,0.78998,2.25,2.44
2012.06.08 10:21:22.739,0.78973,0.78998,2.25,3.00
2012.06.08 10:21:22.806,0.78964,0.78996,2.25,2.44
2012.06.08 10:21:23.944,0.78964,0.78996,2.25,2.44
2012.06.08 10:21:35.295,0.78964,0.78996,2.25,2.63
2012.06.08 10:21:35.720,0.78964,0.78994,2.25,1.50
2012.06.08 10:21:35.782,0.78961,0.78989,2.25,2.44
2012.06.08 10:21:36.373,0.78961,0.78989,2.25,2.25
2012.06.08 10:21:37.432,0.78964,0.78994,2.25,1.50
2012.06.08 10:21:38.464,0.78964,0.78994,2.25,1.13
2012.06.08 10:21:43.743,0.78964,0.78995,2.25,1.50
2012.06.08 10:21:50.381,0.78964,0.78996,2.25,2.63
2012.06.08 10:21:52.398,0.78964,0.78996,2.44,2.25
2012.06.08 10:21:55.175,0.78964,0.78996,2.44,2.63
2012.06.08 10:21:55.247,0.7896,0.78992,3.00,3.00
2012.06.08 10:21:56.394,0.7896,0.78992,2.44,2.25
2012.06.08 10:21:56.579,0.7896,0.78992,3.00,2.25
2012.06.08 10:21:56.640,0.78964,0.78996,2.44,2.44
2012.06.08 10:21:57.728,0.78964,0.78996,3.19,2.44
2012.06.08 10:21:58.613,0.78964,0.78996,3.00,2.82
2012.06.08 10:21:58.681,0.78964,0.78995,2.25,1.13
2012.06.08 10:21:58.824,0.7896,0.78992,3.19,2.25
2012.06.08 10:21:59.347,0.7896,0.78992,3.19,2.63
2012.06.08 10:21:59.572,0.7896,0.78992,2.25,2.82
2012.06.08 10:21:59.640,0.78956,0.78988,3.38,2.25
2012.06.08 10:22:00.324,0.78956,0.78988,2.44,2.44
2012.06.08 10:22:01.703,0.78954,0.78986,2.44,2.25
2012.06.08 10:22:06.897,0.78954,0.78986,2.44,3.00
2012.06.08 10:22:07.122,0.78954,0.78986,3.19,2.25
2012.06.08 10:22:07.753,0.78954,0.78986,2.44,3.00
2012.06.08 10:22:09.909,0.78954,0.78986,2.44,2.25
2012.06.08 10:22:11.017,0.78954,0.78986,2.44,2.25
2012.06.08 10:22:13.656,0.78954,0.78986,3.00,2.25
2012.06.08 10:22:13.792,0.78958,0.7899,2.44,2.44
2012.06.08 10:22:13.921,0.78962,0.78993,2.25,1.54
2012.06.08 10:22:14.586,0.78962,0.78993,2.44,1.35
2012.06.08 10:22:14.792,0.78965,0.78993,2.25,1.35
2012.06.08 10:22:15.353,0.78965,0.78995,2.25,3.00
2012.06.08 10:22:15.813,0.78969,0.78997,2.25,3.19
2012.06.08 10:22:16.064,0.78961,0.78987,2.25,2.25
2012.06.08 10:22:16.285,0.7897,0.78994,2.25,1.13
2012.06.08 10:22:16.353,0.7897,0.78996,2.25,3.79
2012.06.08 10:22:16.611,0.78964,0.78992,2.44,2.25
2012.06.08 10:22:17.764,0.78964,0.78992,2.25,3.00
2012.06.08 10:22:18.118,0.78966,0.78992,2.25,3.19
2012.06.08 10:22:18.453,0.78969,0.78996,2.25,1.92
2012.06.08 10:22:18.582,0.78966,0.78992,2.25,3.00
2012.06.08 10:22:19.066,0.78966,0.78992,2.25,2.25
2012.06.08 10:22:19.343,0.78962,0.78988,2.25,2.25
2012.06.08 10:22:21.642,0.78962,0.78988,2.25,2.44
2012.06.08 10:22:21.883,0.78956,0.78984,2.25,2.25
2012.06.08 10:22:21.954,0.78961,0.78989,2.25,3.57
2012.06.08 10:22:22.532,0.78957,0.78983,2.25,2.25
2012.06.08 10:22:23.005,0.78957,0.78983,2.44,2.25
2012.06.08 10:22:23.072,0.78962,0.78988,2.25,3.00
2012.06.08 10:22:24.842,0.78965,0.78993,2.25,3.19
2012.06.08 10:22:25.588,0.78965,0.78993,2.25,3.19
2012.06.08 10:22:25.655,0.7897,0.78996,2.25,3.60
2012.06.08 10:22:27.869,0.7897,0.78996,2.25,3.23
2012.06.08 10:22:27.933,0.78965,0.78991,2.44,2.25
2012.06.08 10:22:28.421,0.78965,0.78991,2.25,2.85
2012.06.08 10:22:29.154,0.7896,0.78985,2.44,2.25
2012.06.08 10:22:29.471,0.78964,0.78989,2.25,3.79
2012.06.08 10:22:29.532,0.7896,0.78985,2.25,2.25
2012.06.08 10:22:31.216,0.7896,0.78985,2.25,3.19
2012.06.08 10:22:31.872,0.7896,0.78985,2.25,2.44
2012.06.08 10:22:42.733,0.7896,0.78985,2.25,3.00
2012.06.08 10:22:43.394,0.7896,0.78985,2.25,2.44
2012.06.08 10:22:50.305,0.7896,0.78985,2.25,3.00
2012.06.08 10:22:50.474,0.7896,0.78985,2.25,2.25
2012.06.08 10:22:53.953,0.7896,0.78985,2.25,2.44
2012.06.08 10:22:54.704,0.7896,0.78985,2.25,3.19
2012.06.08 10:22:55.809,0.7896,0.78985,2.25,2.44
2012.06.08 10:22:56.463,0.7896,0.78985,2.25,2.25
2012.06.08 10:22:57.925,0.7896,0.78985,2.25,2.44
2012.06.08 10:22:58.052,0.78956,0.78982,2.25,2.25
2012.06.08 10:23:00.212,0.78956,0.78982,3.00,2.44
2012.06.08 10:23:00.788,0.78958,0.78988,2.25,3.00
2012.06.08 10:23:01.039,0.78962,0.78988,2.25,3.75
2012.06.08 10:23:01.140,0.78954,0.78985,2.25,2.44
2012.06.08 10:23:02.026,0.78954,0.78985,2.25,3.00
2012.06.08 10:23:02.246,0.78951,0.78979,2.25,2.25
2012.06.08 10:23:03.175,0.78956,0.78982,2.25,2.44
2012.06.08 10:23:03.877,0.78956,0.78982,2.25,2.25
2012.06.08 10:23:07.686,0.78956,0.78982,2.25,3.00
2012.06.08 10:23:08.907,0.78956,0.78982,2.25,2.63
2012.06.08 10:23:09.323,0.78964,0.78989,2.25,3.79
2012.06.08 10:23:09.451,0.78956,0.78986,2.44,3.00
2012.06.08 10:23:09.570,0.78956,0.78986,2.25,3.75
2012.06.08 10:23:10.154,0.78956,0.78984,2.25,1.54
2012.06.08 10:23:10.299,0.78951,0.78983,2.25,3.19
2012.06.08 10:23:10.661,0.78951,0.78983,2.25,3.19
2012.06.08 10:23:11.288,0.78951,0.78983,2.25,3.75
2012.06.08 10:23:14.980,0.78951,0.78983,2.25,3.75
2012.06.08 10:23:16.584,0.78951,0.78981,2.25,1.50
2012.06.08 10:23:16.801,0.78948,0.78976,2.25,2.25
2012.06.08 10:23:17.587,0.78948,0.78976,2.25,2.44
2012.06.08 10:23:18.422,0.78948,0.78976,2.25,3.19
2012.06.08 10:23:19.017,0.78948,0.78976,2.25,2.44
2012.06.08 10:23:21.765,0.78948,0.78976,2.25,3.19
2012.06.08 10:23:23.424,0.78948,0.78976,2.25,2.44
2012.06.08 10:23:23.553,0.78943,0.78971,2.25,2.44
2012.06.08 10:23:28.161,0.78948,0.78974,2.25,2.63
2012.06.08 10:23:28.323,0.78948,0.78974,2.25,2.44
2012.06.08 10:23:29.635,0.78948,0.78974,2.25,5.25
2012.06.08 10:23:29.695,0.78941,0.78968,2.25,2.44
2012.06.08 10:23:30.036,0.78939,0.78969,2.25,2.44
2012.06.08 10:23:30.281,0.78932,0.78968,1.50,3.57
2012.06.08 10:23:30.405,0.7893,0.78968,3.19,3.75
2012.06.08 10:23:30.613,0.7893,0.78967,3.00,2.63
2012.06.08 10:23:31.435,0.78929,0.78958,3.00,2.25
2012.06.08 10:23:32.394,0.78938,0.78968,2.25,1.88
2012.06.08 10:23:32.463,0.78936,0.78962,2.25,2.25
2012.06.08 10:23:32.803,0.78929,0.78958,3.19,2.25
2012.06.08 10:23:33.023,0.78935,0.78963,2.25,2.44
2012.06.08 10:23:35.324,0.78935,0.78963,3.00,2.44
2012.06.08 10:23:36.044,0.78935,0.78963,2.25,2.44
2012.06.08 10:23:36.253,0.78935,0.78963,3.00,2.44
2012.06.08 10:23:36.483,0.78935,0.78963,2.25,2.44
2012.06.08 10:23:36.751,0.78939,0.78968,2.25,1.50
2012.06.08 10:23:36.811,0.78939,0.78968,2.25,1.13
2012.06.08 10:23:37.544,0.78939,0.78969,3.00,2.44
2012.06.08 10:23:44.406,0.78939,0.78969,2.25,2.25
2012.06.08 10:23:52.828,0.78939,0.78969,3.00,2.25
2012.06.08 10:23:53.634,0.78939,0.78969,2.25,2.25
2012.06.08 10:23:56.677,0.78939,0.78969,3.00,2.44
2012.06.08 10:23:56.895,0.78939,0.78969,2.25,2.44
2012.06.08 10:23:57.351,0.78938,0.78966,2.25,2.25
2012.06.08 10:23:57.776,0.78949,0.78975,2.25,2.44
2012.06.08 10:23:58.436,0.78949,0.78975,2.25,3.19
2012.06.08 10:23:59.461,0.78941,0.78972,2.44,2.25
2012.06.08 10:23:59.523,0.78948,0.78978,2.25,1.50
2012.06.08 10:23:59.936,0.78948,0.78979,2.25,1.50
2012.06.08 10:24:01.059,0.78946,0.78973,2.25,2.25
2012.06.08 10:24:05.407,0.78946,0.78973,2.25,3.19
2012.06.08 10:24:05.471,0.78942,0.7897,2.44,3.00
2012.06.08 10:24:07.135,0.78942,0.7897,2.25,3.19
2012.06.08 10:24:08.558,0.78949,0.78975,2.25,2.44
2012.06.08 10:24:09.135,0.78949,0.78975,2.25,3.19
2012.06.08 10:24:09.321,0.78946,0.78971,2.25,2.25
2012.06.08 10:24:09.731,0.78943,0.78969,2.25,2.25
2012.06.08 10:24:17.443,0.78936,0.78967,2.10,2.25
2012.06.08 10:24:17.718,0.78936,0.78967,1.54,2.25
2012.06.08 10:24:19.416,0.78937,0.78967,1.54,2.25
2012.06.08 10:24:22.272,0.78937,0.78967,1.54,2.25
2012.06.08 10:24:22.345,0.78937,0.78967,1.54,2.25
2012.06.08 10:24:25.132,0.78935,0.78967,3.19,2.25
2012.06.08 10:24:25.314,0.78935,0.78967,3.19,2.25
2012.06.08 10:24:25.753,0.78935,0.78967,2.44,2.25
2012.06.08 10:24:25.918,0.7894,0.78969,2.25,3.19
2012.06.08 10:24:26.244,0.78942,0.78973,2.25,1.54
2012.06.08 10:24:32.479,0.78942,0.78974,2.25,3.98
2012.06.08 10:24:32.665,0.78942,0.78974,2.25,4.35
2012.06.08 10:24:33.321,0.7894,0.78967,2.25,3.00
2012.06.08 10:24:40.885,0.7894,0.78967,2.25,2.44
2012.06.08 10:24:41.556,0.78944,0.78971,2.25,3.00
2012.06.08 10:24:41.623,0.78944,0.78971,2.25,2.44
2012.06.08 10:24:42.109,0.78944,0.78971,2.25,3.19
2012.06.08 10:24:42.466,0.78936,0.78968,2.44,2.25
2012.06.08 10:24:43.045,0.78936,0.78968,2.25,3.00
2012.06.08 10:24:43.408,0.78927,0.78957,3.23,2.25
2012.06.08 10:24:44.070,0.78933,0.78961,2.25,2.25
2012.06.08 10:24:44.192,0.78933,0.78961,2.25,3.19
2012.06.08 10:24:44.321,0.78924,0.7895,3.38,2.25
2012.06.08 10:24:44.453,0.78928,0.78956,2.25,2.25
2012.06.08 10:24:44.527,0.78928,0.78956,3.00,2.25
2012.06.08 10:24:44.783,0.78933,0.78961,2.25,2.44
2012.06.08 10:24:44.856,0.78933,0.78961,2.44,2.25
2012.06.08 10:24:45.383,0.78936,0.78968,2.25,3.38
2012.06.08 10:24:45.554,0.78936,0.78968,3.19,2.44
2012.06.08 10:24:50.089,0.78936,0.78968,3.00,2.44
2012.06.08 10:24:50.435,0.78946,0.78971,2.25,3.00
2012.06.08 10:24:50.807,0.78941,0.78969,2.25,3.19
2012.06.08 10:24:50.915,0.78934,0.78964,2.44,2.25
2012.06.08 10:24:51.392,0.78934,0.78964,3.19,2.25
2012.06.08 10:24:51.515,0.78946,0.78975,2.25,3.19
2012.06.08 10:24:52.001,0.78941,0.78973,2.44,2.25
2012.06.08 10:24:52.064,0.78946,0.78975,2.25,3.19
2012.06.08 10:24:52.554,0.78949,0.78979,2.25,3.38
2012.06.08 10:24:52.975,0.78947,0.78973,2.25,2.25
2012.06.08 10:24:53.314,0.78939,0.78969,3.00,2.25
2012.06.08 10:24:53.542,0.78934,0.78966,3.19,2.44
2012.06.08 10:24:53.826,0.78937,0.78966,1.13,2.25
2012.06.08 10:24:53.891,0.78938,0.7897,2.44,2.25
2012.06.08 10:24:54.083,0.78947,0.78973,2.25,3.19
2012.06.08 10:24:54.894,0.78942,0.7897,3.00,2.25
2012.06.08 10:24:55.083,0.78947,0.78973,2.25,2.44
2012.06.08 10:24:55.330,0.78938,0.78966,3.19,2.25
2012.06.08 10:24:55.835,0.78941,0.78973,3.19,2.25
2012.06.08 10:24:55.901,0.78941,0.78973,3.19,2.25
2012.06.08 10:24:56.844,0.78941,0.78973,3.38,2.25
2012.06.08 10:24:56.955,0.78941,0.78969,1.13,2.25
2012.06.08 10:24:57.166,0.78941,0.78973,3.38,2.25
2012.06.08 10:24:57.233,0.78941,0.78973,3.00,2.44
2012.06.08 10:24:57.434,0.78941,0.78973,3.00,2.44
2012.06.08 10:25:01.573,0.78943,0.78973,2.63,2.25
2012.06.08 10:25:06.895,0.78943,0.78973,3.38,2.25
2012.06.08 10:25:08.458,0.78943,0.78973,2.63,2.25
2012.06.08 10:25:08.853,0.78946,0.78978,3.00,2.44
2012.06.08 10:25:09.168,0.78946,0.78978,3.00,2.44
2012.06.08 10:25:11.113,0.78946,0.78978,3.19,2.44
2012.06.08 10:25:14.151,0.78946,0.78978,3.19,2.44
2012.06.08 10:25:20.212,0.78946,0.78978,2.44,3.19
2012.06.08 10:25:20.273,0.78951,0.7898,2.25,1.13
2012.06.08 10:25:20.589,0.78951,0.78981,2.25,2.25
2012.06.08 10:25:20.957,0.78947,0.78975,2.44,2.25
2012.06.08 10:25:21.030,0.78947,0.78975,2.25,2.25
2012.06.08 10:25:27.054,0.78947,0.78975,3.38,2.25
2012.06.08 10:25:27.121,0.7895,0.78982,2.44,2.25
2012.06.08 10:25:29.935,0.7895,0.78982,3.00,2.25
2012.06.08 10:25:31.586,0.7895,0.78982,3.19,2.25
2012.06.08 10:25:31.714,0.7896,0.78989,2.25,1.73
2012.06.08 10:25:32.016,0.7896,0.78989,2.25,1.54
2012.06.08 10:25:32.575,0.78969,0.78995,2.25,3.19
2012.06.08 10:25:32.702,0.78969,0.78995,2.25,3.19
2012.06.08 10:25:34.119,0.7896,0.78992,2.44,2.25
2012.06.08 10:25:34.675,0.7896,0.78992,2.25,2.44
2012.06.08 10:25:34.885,0.7896,0.78992,2.25,3.19
2012.06.08 10:25:35.319,0.78957,0.78988,3.19,3.19
2012.06.08 10:25:36.592,0.78954,0.78984,2.44,2.25
2012.06.08 10:25:37.281,0.78954,0.78984,2.44,2.25
2012.06.08 10:25:38.622,0.78961,0.78987,2.25,2.44
2012.06.08 10:25:39.131,0.78961,0.78987,2.25,3.19
2012.06.08 10:25:39.403,0.78953,0.78985,2.63,3.00
2012.06.08 10:25:39.532,0.78953,0.78985,2.44,3.19
2012.06.08 10:25:39.915,0.78953,0.78983,2.25,1.13
2012.06.08 10:25:40.313,0.78945,0.78983,1.50,3.75
2012.06.08 10:25:41.535,0.78942,0.78974,2.63,2.25
2012.06.08 10:25:42.035,0.7895,0.78982,2.25,3.00
2012.06.08 10:25:42.281,0.78946,0.78978,2.44,2.44
2012.06.08 10:25:42.665,0.78946,0.78978,2.44,3.00
2012.06.08 10:25:44.244,0.78946,0.78975,2.44,2.25
2012.06.08 10:25:45.045,0.78949,0.78979,2.44,3.00
2012.06.08 10:25:50.046,0.78949,0.78979,2.44,2.25
2012.06.08 10:25:51.710,0.78949,0.78979,2.44,2.25
2012.06.08 10:25:51.774,0.7895,0.78977,2.25,2.25
2012.06.08 10:25:54.682,0.7895,0.78977,3.00,2.25
2012.06.08 10:25:55.024,0.78957,0.78985,2.25,5.10
2012.06.08 10:25:55.091,0.78954,0.78981,2.25,2.44
2012.06.08 10:25:55.729,0.78954,0.78981,2.25,2.25
2012.06.08 10:25:57.323,0.78954,0.78981,3.00,2.25
2012.06.08 10:25:57.401,0.78958,0.78984,2.25,2.25
2012.06.08 10:25:57.898,0.78966,0.7899,2.25,1.54
2012.06.08 10:25:58.107,0.78961,0.78989,2.25,3.19
2012.06.08 10:25:58.433,0.78961,0.78989,3.00,2.44
2012.06.08 10:25:58.562,0.78973,0.79,2.25,3.98
2012.06.08 10:25:58.691,0.78969,0.78996,2.25,3.00
2012.06.08 10:25:58.914,0.78969,0.78996,2.25,2.25
2012.06.08 10:25:59.042,0.78973,0.79,2.25,3.60
2012.06.08 10:26:05.213,0.78968,0.78993,2.25,2.25
2012.06.08 10:26:05.675,0.78978,0.79003,2.25,1.50
2012.06.08 10:26:05.816,0.78975,0.79001,2.25,3.19
2012.06.08 10:26:06.035,0.78978,0.79003,2.25,1.50
2012.06.08 10:26:06.252,0.78974,0.79002,2.25,3.19
2012.06.08 10:26:06.461,0.78978,0.79003,2.25,1.50
2012.06.08 10:26:06.812,0.78974,0.79002,2.25,3.19
2012.06.08 10:26:07.991,0.78974,0.79,2.25,1.13
2012.06.08 10:26:08.202,0.78974,0.79,2.25,1.13
2012.06.08 10:26:08.423,0.78974,0.79,2.25,1.13
2012.06.08 10:26:09.873,0.7897,0.78998,2.25,3.19
2012.06.08 10:26:11.724,0.78968,0.78993,2.25,3.19
2012.06.08 10:26:12.284,0.7897,0.78997,2.25,1.50
2012.06.08 10:26:14.034,0.78968,0.78993,2.25,3.00
2012.06.08 10:26:17.896,0.78964,0.78989,2.25,2.25
2012.06.08 10:26:19.227,0.78964,0.78989,3.00,2.25
2012.06.08 10:26:19.352,0.78973,0.79001,2.25,3.75
2012.06.08 10:26:21.417,0.78966,0.78996,2.44,2.25
2012.06.08 10:26:21.601,0.78966,0.78996,2.25,2.63
2012.06.08 10:26:22.318,0.78968,0.78993,2.25,2.25
2012.06.08 10:26:22.686,0.78968,0.78993,2.25,2.44
2012.06.08 10:26:23.013,0.78964,0.78989,2.25,3.00
2012.06.08 10:26:31.553,0.78968,0.78996,2.25,2.44
2012.06.08 10:26:31.696,0.78968,0.78996,2.25,3.19
2012.06.08 10:26:32.069,0.78964,0.78989,2.25,2.25
2012.06.08 10:26:36.334,0.78966,0.78996,2.25,3.75
2012.06.08 10:26:36.463,0.78974,0.79,2.25,3.19
2012.06.08 10:26:36.742,0.78966,0.78996,2.25,2.63
2012.06.08 10:26:36.961,0.78973,0.79001,2.25,3.19
2012.06.08 10:26:38.573,0.78977,0.79003,2.25,1.13
2012.06.08 10:26:39.396,0.78977,0.79003,2.25,1.13
2012.06.08 10:26:40.555,0.78977,0.79003,2.25,1.13
2012.06.08 10:26:40.896,0.78974,0.79,2.25,3.00
2012.06.08 10:26:42.913,0.78974,0.79,2.25,3.19
2012.06.08 10:26:46.034,0.78974,0.79,2.25,3.19
2012.06.08 10:26:49.005,0.78974,0.79,2.25,2.44
2012.06.08 10:26:50.244,0.78974,0.79,2.25,3.19
2012.06.08 10:26:51.246,0.78978,0.79004,2.25,3.57
2012.06.08 10:26:51.463,0.78969,0.79001,2.25,2.44
2012.06.08 10:26:51.755,0.78969,0.79001,2.25,2.63
2012.06.08 10:27:01.365,0.78969,0.79001,2.44,2.25
2012.06.08 10:27:01.537,0.78978,0.79004,2.25,3.57
2012.06.08 10:27:04.438,0.78978,0.79004,2.25,3.38
2012.06.08 10:27:05.662,0.78978,0.79004,2.25,3.38
2012.06.08 10:27:05.836,0.78973,0.79001,2.25,3.19
2012.06.08 10:27:07.774,0.78973,0.79001,2.25,2.44
2012.06.08 10:27:08.635,0.78972,0.79,2.25,2.25
2012.06.08 10:27:09.170,0.78972,0.79,2.25,3.00
2012.06.08 10:27:10.267,0.78981,0.79004,2.25,1.13
2012.06.08 10:27:12.699,0.78981,0.79006,2.25,2.44
2012.06.08 10:27:13.010,0.78973,0.78999,2.25,2.44
2012.06.08 10:27:13.200,0.78973,0.78999,2.25,3.19
2012.06.08 10:27:13.393,0.78973,0.78999,2.25,3.19
2012.06.08 10:27:13.459,0.78968,0.78996,2.25,2.25
2012.06.08 10:27:14.662,0.78968,0.78996,2.25,3.19
2012.06.08 10:27:18.270,0.78962,0.78992,2.44,2.25
2012.06.08 10:27:18.882,0.78962,0.78992,2.25,2.44
2012.06.08 10:27:33.822,0.78966,0.78992,2.25,2.63
2012.06.08 10:27:33.998,0.78966,0.78992,2.25,2.25
2012.06.08 10:27:35.220,0.78966,0.78992,2.25,3.00
2012.06.08 10:27:35.446,0.78961,0.78987,3.00,2.25
2012.06.08 10:27:36.512,0.78965,0.78991,2.25,2.25
2012.06.08 10:27:36.843,0.78969,0.78995,2.25,2.25
2012.06.08 10:27:37.740,0.78969,0.78994,2.25,1.13
2012.06.08 10:27:37.863,0.78964,0.78989,2.25,2.25
2012.06.08 10:27:38.712,0.78964,0.78989,2.25,2.44
2012.06.08 10:27:41.465,0.78964,0.78988,2.25,1.13
2012.06.08 10:27:41.862,0.78958,0.78985,2.25,2.44
2012.06.08 10:27:42.042,0.78964,0.78989,2.25,3.19
2012.06.08 10:27:49.649,0.78964,0.78989,2.25,2.25
2012.06.08 10:27:50.209,0.78964,0.78989,2.25,3.00
2012.06.08 10:27:50.530,0.7896,0.78986,2.25,2.44
2012.06.08 10:27:51.840,0.7896,0.78986,2.25,2.25
2012.06.08 10:27:55.133,0.78963,0.7899,2.25,3.19
2012.06.08 10:27:55.913,0.78963,0.7899,2.25,3.38
2012.06.08 10:27:56.041,0.78958,0.78985,2.25,2.25
2012.06.08 10:27:56.237,0.78963,0.7899,2.25,3.38
2012.06.08 10:27:56.794,0.78963,0.7899,2.25,3.19
2012.06.08 10:27:57.621,0.78963,0.7899,2.25,2.63
2012.06.08 10:27:57.819,0.78958,0.78985,2.25,2.25
2012.06.08 10:27:57.924,0.78963,0.7899,2.25,3.75
2012.06.08 10:28:00.505,0.78967,0.78994,2.25,3.75
2012.06.08 10:28:00.541,0.78962,0.78988,2.25,2.25
2012.06.08 10:28:00.878,0.78966,0.78992,2.25,2.44
2012.06.08 10:28:06.523,0.78966,0.78992,2.25,2.44
2012.06.08 10:28:08.175,0.78966,0.78992,2.25,2.25
2012.06.08 10:28:10.471,0.78966,0.78992,2.25,2.44
2012.06.08 10:28:15.203,0.78966,0.78992,2.25,2.25
2012.06.08 10:28:19.233,0.78966,0.78992,2.25,3.00
2012.06.08 10:28:19.300,0.78961,0.78987,2.44,2.25
2012.06.08 10:28:19.360,0.78961,0.78987,2.25,2.25
2012.06.08 10:28:19.679,0.78961,0.78987,2.25,2.63
2012.06.08 10:28:19.799,0.78956,0.78981,2.25,2.25
2012.06.08 10:28:20.629,0.78966,0.78992,2.25,2.44
2012.06.08 10:28:21.308,0.78966,0.78992,2.25,2.44
2012.06.08 10:28:24.001,0.78959,0.78989,2.82,2.25
2012.06.08 10:28:24.163,0.78959,0.78989,2.25,2.44
2012.06.08 10:28:25.140,0.78956,0.78981,2.25,2.25
2012.06.08 10:28:25.530,0.7895,0.78977,2.44,2.25
2012.06.08 10:28:32.442,0.7895,0.78977,3.19,2.25
2012.06.08 10:28:32.561,0.78957,0.78982,2.25,2.25
2012.06.08 10:28:37.571,0.78962,0.78988,2.25,2.25
2012.06.08 10:28:37.840,0.78957,0.78982,3.19,2.25
2012.06.08 10:28:38.433,0.78957,0.78982,3.19,2.25
2012.06.08 10:28:38.513,0.78957,0.78982,3.19,2.25
2012.06.08 10:28:38.824,0.7896,0.78987,2.25,2.25
2012.06.08 10:28:39.066,0.7896,0.78987,2.44,2.25
2012.06.08 10:28:41.591,0.7896,0.78987,2.25,2.25
2012.06.08 10:28:42.620,0.78957,0.78982,3.00,2.25
2012.06.08 10:28:42.800,0.78962,0.78988,2.25,2.25
2012.06.08 10:28:43.052,0.78966,0.78994,2.25,2.44
2012.06.08 10:28:44.981,0.78962,0.7899,2.25,2.25
2012.06.08 10:28:45.790,0.78966,0.78994,2.25,2.63
2012.06.08 10:28:46.426,0.78958,0.7899,3.00,2.25
2012.06.08 10:28:46.553,0.78958,0.7899,2.44,2.44
2012.06.08 10:28:52.041,0.78958,0.7899,2.25,2.44
2012.06.08 10:28:52.985,0.78958,0.7899,2.44,2.25
2012.06.08 10:28:54.302,0.78958,0.7899,2.25,2.44
2012.06.08 10:28:54.765,0.78958,0.7899,2.44,2.25
2012.06.08 10:28:55.225,0.78958,0.78996,3.19,2.63
2012.06.08 10:28:55.441,0.78958,0.78993,2.44,1.13
2012.06.08 10:28:56.083,0.78957,0.78986,3.00,2.25
2012.06.08 10:29:08.315,0.78953,0.78981,2.44,2.25
2012.06.08 10:29:08.669,0.78953,0.78981,4.50,2.25
2012.06.08 10:29:09.112,0.78956,0.78981,1.88,2.25
2012.06.08 10:29:09.168,0.78965,0.78992,2.25,3.19
2012.06.08 10:29:09.419,0.78965,0.78992,2.25,2.44
2012.06.08 10:29:09.639,0.78965,0.78992,2.25,3.19
2012.06.08 10:29:09.902,0.78965,0.78992,2.25,2.44
2012.06.08 10:29:12.502,0.78965,0.78992,2.25,2.25
2012.06.08 10:29:12.823,0.78965,0.78992,3.00,2.25
2012.06.08 10:29:13.378,0.78965,0.78992,3.00,2.25
2012.06.08 10:29:13.956,0.78969,0.78995,2.25,2.44
2012.06.08 10:29:15.139,0.78969,0.78995,2.25,2.44
2012.06.08 10:29:15.551,0.78973,0.78998,2.25,1.13
2012.06.08 10:29:15.762,0.78959,0.78987,3.00,2.25
2012.06.08 10:29:16.232,0.78959,0.78987,2.25,2.25
2012.06.08 10:29:16.294,0.78948,0.78979,3.79,2.25
2012.06.08 10:29:16.595,0.78954,0.78982,3.00,2.63
2012.06.08 10:29:17.253,0.78954,0.78982,3.00,2.44
2012.06.08 10:29:18.165,0.78954,0.78982,3.19,2.25
2012.06.08 10:29:18.604,0.78951,0.78977,3.75,2.25
2012.06.08 10:29:18.672,0.78958,0.7899,3.00,2.63
2012.06.08 10:29:18.733,0.78958,0.7899,3.19,2.25
2012.06.08 10:29:20.030,0.78956,0.78986,1.73,2.25
2012.06.08 10:29:20.794,0.78956,0.78986,1.54,2.25
2012.06.08 10:29:20.862,0.78958,0.7899,3.00,2.44
2012.06.08 10:29:21.035,0.78958,0.7899,3.38,2.25
2012.06.08 10:29:23.845,0.78958,0.7899,3.38,2.25
2012.06.08 10:29:24.284,0.78958,0.7899,3.19,2.44
2012.06.08 10:29:24.416,0.78959,0.78994,1.50,2.85
2012.06.08 10:29:24.871,0.78959,0.78994,1.50,2.85
2012.06.08 10:29:25.620,0.78959,0.78994,1.50,2.25
2012.06.08 10:29:25.708,0.78959,0.78994,1.50,2.25
2012.06.08 10:29:26.372,0.78972,0.78998,2.25,2.44
2012.06.08 10:29:26.913,0.78972,0.78998,3.00,2.25
2012.06.08 10:29:28.369,0.78974,0.78999,2.25,3.19
2012.06.08 10:29:28.489,0.78966,0.78998,3.79,2.44
2012.06.08 10:29:31.603,0.78966,0.78998,3.79,2.44
2012.06.08 10:29:31.671,0.78966,0.78998,3.19,3.19
2012.06.08 10:29:31.782,0.78973,0.79,2.25,3.98
2012.06.08 10:29:31.919,0.78966,0.78998,3.19,3.19
2012.06.08 10:29:32.312,0.78973,0.79,2.25,3.98
2012.06.08 10:29:32.590,0.78963,0.78993,3.19,2.25
2012.06.08 10:29:33.330,0.78967,0.78995,2.25,2.44
2012.06.08 10:29:33.531,0.78962,0.78991,2.44,2.25
2012.06.08 10:29:33.757,0.78967,0.78995,2.25,2.44
2012.06.08 10:29:35.979,0.78967,0.78995,2.63,2.25
2012.06.08 10:29:36.039,0.78972,0.79002,3.00,2.44
2012.06.08 10:29:36.283,0.78968,0.78998,3.19,2.25
2012.06.08 10:29:37.389,0.78968,0.78998,2.44,2.25
2012.06.08 10:29:37.512,0.78968,0.78998,2.25,2.63
2012.06.08 10:29:38.163,0.78963,0.78995,2.44,2.44
2012.06.08 10:29:38.380,0.78963,0.78995,3.19,2.44
2012.06.08 10:29:38.972,0.78963,0.78995,2.44,2.44
2012.06.08 10:29:39.771,0.78963,0.78995,2.63,2.25
2012.06.08 10:29:40.072,0.78963,0.78995,3.38,2.25
2012.06.08 10:29:42.602,0.78963,0.78995,2.25,2.44
2012.06.08 10:29:43.096,0.78963,0.78995,2.63,2.25
2012.06.08 10:29:43.504,0.78968,0.78998,3.19,2.25
2012.06.08 10:29:44.759,0.78971,0.79003,3.00,3.38
2012.06.08 10:29:45.163,0.78971,0.79003,3.19,2.25
2012.06.08 10:29:45.665,0.78971,0.79003,3.19,2.25
2012.06.08 10:29:45.825,0.78975,0.79007,3.19,3.04
2012.06.08 10:29:46.461,0.78975,0.79007,3.19,2.44
2012.06.08 10:29:46.800,0.78979,0.79009,2.25,1.13
2012.06.08 10:29:46.860,0.78979,0.7901,2.25,3.19
2012.06.08 10:29:48.174,0.78979,0.7901,2.25,3.19
2012.06.08 10:29:48.300,0.78976,0.79006,3.19,2.25
2012.06.08 10:29:50.170,0.78976,0.79006,3.19,2.25
2012.06.08 10:29:51.917,0.78976,0.79006,3.19,2.25
2012.06.08 10:29:52.143,0.78976,0.79006,3.19,2.25
2012.06.08 10:29:52.627,0.78976,0.79006,3.19,2.25
2012.06.08 10:29:52.690,0.78976,0.79006,3.19,2.25
2012.06.08 10:29:52.749,0.78976,0.79006,3.19,2.25
2012.06.08 10:29:53.784,0.78976,0.79006,3.19,2.25
2012.06.08 10:29:53.993,0.78976,0.79006,3.00,2.44
2012.06.08 10:29:55.142,0.78976,0.79006,2.25,3.19
2012.06.08 10:29:55.321,0.78972,0.79002,3.19,2.25
2012.06.08 10:29:56.207,0.78972,0.79002,2.25,2.25
2012.06.08 10:29:57.417,0.78972,0.79002,2.25,2.44
2012.06.08 10:29:59.679,0.78972,0.79002,2.25,2.44
2012.06.08 10:30:00.269,0.78975,0.79006,2.25,1.50
2012.06.08 10:30:01.212,0.78975,0.79007,2.25,3.79
2012.06.08 10:30:01.981,0.78975,0.79007,2.25,3.79
2012.06.08 10:30:02.792,0.78971,0.79003,2.44,2.25
2012.06.08 10:30:03.414,0.78971,0.79003,2.44,2.63
2012.06.08 10:30:03.558,0.78967,0.78995,2.63,2.25
2012.06.08 10:30:03.619,0.78967,0.78995,2.25,2.25
2012.06.08 10:30:05.312,0.78963,0.78991,3.19,2.25
2012.06.08 10:30:05.533,0.78968,0.78994,2.25,2.25
2012.06.08 10:30:05.983,0.78972,0.78999,2.25,1.50
2012.06.08 10:30:06.051,0.78972,0.79002,2.25,3.38
2012.06.08 10:30:08.302,0.78972,0.79002,2.25,2.44
2012.06.08 10:30:08.790,0.78971,0.78997,2.44,2.25
2012.06.08 10:30:10.403,0.78971,0.78997,2.25,2.25
2012.06.08 10:30:12.152,0.78971,0.78997,2.25,3.00
2012.06.08 10:30:12.358,0.78966,0.78994,2.25,3.00
2012.06.08 10:30:12.422,0.78966,0.78994,2.25,3.00
2012.06.08 10:30:12.596,0.78961,0.78986,3.00,2.25
2012.06.08 10:30:12.970,0.78964,0.78994,3.00,2.44
2012.06.08 10:30:13.879,0.78966,0.78994,1.13,2.44
2012.06.08 10:30:13.944,0.78967,0.78995,2.44,2.25
2012.06.08 10:30:22.406,0.78967,0.78995,2.25,3.00
2012.06.08 10:30:22.469,0.78963,0.78991,3.00,2.25
2012.06.08 10:30:22.753,0.78971,0.78999,2.25,3.00
2012.06.08 10:30:23.393,0.78971,0.78999,3.00,2.25
2012.06.08 10:30:23.520,0.78968,0.78994,2.25,2.25
2012.06.08 10:30:26.334,0.78975,0.79003,2.25,4.35
2012.06.08 10:30:26.600,0.78975,0.79003,2.25,3.79
2012.06.08 10:30:26.659,0.78975,0.79003,2.25,3.79
2012.06.08 10:30:26.927,0.78975,0.79003,2.25,3.04
2012.06.08 10:30:27.582,0.78975,0.79003,2.25,3.79
2012.06.08 10:30:28.401,0.78975,0.79003,2.25,3.04
2012.06.08 10:30:30.120,0.78975,0.79003,2.25,3.19
2012.06.08 10:30:30.331,0.78968,0.79,2.25,3.19
2012.06.08 10:30:30.618,0.78968,0.78999,2.25,1.69
2012.06.08 10:30:30.751,0.78965,0.78992,2.25,2.82
2012.06.08 10:30:30.871,0.78957,0.78982,1.73,2.25
2012.06.08 10:30:31.812,0.78954,0.78982,3.19,2.25
2012.06.08 10:30:31.880,0.78954,0.78982,3.19,2.25
2012.06.08 10:30:34.434,0.78956,0.78982,1.13,2.25
2012.06.08 10:30:34.512,0.78963,0.78989,2.25,2.44
2012.06.08 10:30:35.100,0.78963,0.78989,2.25,2.25
2012.06.08 10:30:35.375,0.78966,0.78993,3.00,2.25
2012.06.08 10:30:35.586,0.78963,0.78989,2.44,2.25
2012.06.08 10:30:36.576,0.78963,0.78989,3.19,2.25
2012.06.08 10:30:37.029,0.78963,0.78989,2.44,2.25
2012.06.08 10:30:37.091,0.78963,0.78989,3.19,2.25
2012.06.08 10:30:37.151,0.78967,0.78992,3.00,2.25
2012.06.08 10:30:37.210,0.78967,0.78992,3.00,2.25
2012.06.08 10:30:38.162,0.78967,0.78992,3.00,2.25
2012.06.08 10:30:38.229,0.7897,0.78997,3.00,2.25
2012.06.08 10:30:38.500,0.78967,0.78992,3.00,2.25
2012.06.08 10:30:41.517,0.78967,0.78992,2.25,2.25
2012.06.08 10:30:41.853,0.78971,0.78996,2.25,2.25
2012.06.08 10:30:44.320,0.78967,0.78992,3.00,2.25
2012.06.08 10:30:46.590,0.78971,0.78996,2.25,2.25
2012.06.08 10:31:01.092,0.78971,0.78996,3.00,2.25
2012.06.08 10:31:01.838,0.78971,0.78996,2.25,2.25
2012.06.08 10:31:02.240,0.78966,0.78993,3.19,2.25
2012.06.08 10:31:03.093,0.78971,0.78996,3.00,2.25
2012.06.08 10:31:07.229,0.78971,0.78996,3.00,2.25
2012.06.08 10:31:07.431,0.78967,0.78992,3.00,2.25
2012.06.08 10:31:07.914,0.78967,0.78992,3.00,2.25
2012.06.08 10:31:08.181,0.78967,0.78992,3.00,2.25
2012.06.08 10:31:08.401,0.78967,0.78992,3.00,2.25
2012.06.08 10:31:11.410,0.78967,0.78992,2.25,2.25
2012.06.08 10:31:11.563,0.78963,0.78989,3.19,2.25
2012.06.08 10:31:15.240,0.78963,0.78989,2.25,2.25
2012.06.08 10:31:15.443,0.78963,0.78989,3.00,2.25
2012.06.08 10:31:15.663,0.78963,0.78989,2.25,2.25
2012.06.08 10:31:16.366,0.78967,0.78996,2.25,3.00
2012.06.08 10:31:16.430,0.78967,0.78996,3.00,2.44
2012.06.08 10:31:19.915,0.78967,0.78996,3.00,2.25
2012.06.08 10:31:20.242,0.78973,0.79003,2.25,4.50
2012.06.08 10:31:20.302,0.78973,0.79003,2.25,2.44
2012.06.08 10:31:20.360,0.78973,0.79003,3.00,2.44
2012.06.08 10:31:20.661,0.78979,0.79006,2.25,2.25
2012.06.08 10:31:20.828,0.78975,0.79003,2.44,2.25
2012.06.08 10:31:22.484,0.78968,0.79,4.17,2.25
2012.06.08 10:31:22.922,0.78968,0.79,3.04,2.25
2012.06.08 10:31:23.043,0.78968,0.79,3.79,2.25
2012.06.08 10:31:23.111,0.78968,0.79,3.04,2.25
2012.06.08 10:31:24.088,0.78968,0.79,2.25,2.44
2012.06.08 10:31:24.463,0.78965,0.78992,2.44,2.25
2012.06.08 10:31:24.983,0.7896,0.7899,1.13,2.25
2012.06.08 10:31:25.663,0.78958,0.7899,3.19,2.25
2012.06.08 10:31:29.181,0.78958,0.7899,3.19,2.25
2012.06.08 10:31:29.272,0.78965,0.78992,3.00,2.44
2012.06.08 10:31:29.393,0.78958,0.7899,3.19,2.25
2012.06.08 10:31:30.572,0.78967,0.78996,2.25,2.44
2012.06.08 10:31:30.771,0.78967,0.78996,2.25,3.38
2012.06.08 10:31:30.830,0.78962,0.7899,3.00,2.25
2012.06.08 10:31:31.099,0.78956,0.78986,3.38,2.25
2012.06.08 10:31:31.712,0.78956,0.78986,3.19,2.25
2012.06.08 10:31:34.391,0.78956,0.78986,2.44,3.00
2012.06.08 10:31:34.775,0.78937,0.78963,3.00,2.25
2012.06.08 10:31:34.847,0.78941,0.78969,3.00,2.44
2012.06.08 10:31:34.970,0.78933,0.78958,1.13,2.25
2012.06.08 10:31:35.279,0.78936,0.78964,3.00,2.25
2012.06.08 10:31:35.764,0.78936,0.78964,3.00,2.25
2012.06.08 10:31:36.094,0.78936,0.78964,3.00,2.25
2012.06.08 10:31:36.731,0.7894,0.78965,3.00,2.25
2012.06.08 10:31:47.453,0.7894,0.78965,3.00,2.25
2012.06.08 10:31:47.700,0.7894,0.78965,3.00,2.44
2012.06.08 10:31:47.951,0.78931,0.78959,3.19,2.25
2012.06.08 10:31:48.071,0.78935,0.78962,3.00,2.25
2012.06.08 10:31:48.321,0.78935,0.78962,3.00,2.44
2012.06.08 10:31:48.381,0.78931,0.78959,3.00,2.25
2012.06.08 10:31:49.197,0.78928,0.78954,3.19,2.25
2012.06.08 10:31:51.213,0.78928,0.78954,3.00,2.25
2012.06.08 10:31:51.791,0.78928,0.78954,3.00,2.25
2012.06.08 10:31:52.593,0.78928,0.78954,3.00,2.25
2012.06.08 10:31:52.788,0.78931,0.78963,3.00,2.44
2012.06.08 10:31:52.910,0.78941,0.7897,3.00,2.48
2012.06.08 10:31:53.427,0.78941,0.78973,3.00,3.23
2012.06.08 10:31:53.699,0.78941,0.78973,3.00,3.23
2012.06.08 10:31:54.914,0.78941,0.78973,3.00,3.23
2012.06.08 10:31:55.201,0.78941,0.78973,3.00,2.44
2012.06.08 10:31:55.317,0.78948,0.78975,2.25,3.00
2012.06.08 10:31:55.547,0.78941,0.78973,3.00,2.44
2012.06.08 10:31:56.063,0.78941,0.78973,3.00,2.25
2012.06.08 10:31:56.194,0.78948,0.78975,2.25,2.44
2012.06.08 10:31:56.526,0.78941,0.78973,3.00,2.25
2012.06.08 10:31:57.530,0.78941,0.78973,3.00,2.44
2012.06.08 10:31:57.874,0.78948,0.78975,2.25,2.44
2012.06.08 10:31:58.265,0.78948,0.78975,2.25,2.25
2012.06.08 10:32:01.388,0.78948,0.78975,3.00,2.25
2012.06.08 10:32:01.450,0.78948,0.78975,2.25,2.25
2012.06.08 10:32:02.419,0.78948,0.78975,2.25,3.00
2012.06.08 10:32:02.672,0.78942,0.78972,3.00,2.63
2012.06.08 10:32:02.894,0.78937,0.78965,3.19,2.25
2012.06.08 10:32:03.001,0.78942,0.78972,3.00,2.63
2012.06.08 10:32:03.102,0.78942,0.78972,3.00,2.82
2012.06.08 10:32:03.642,0.78942,0.78968,3.00,2.25
2012.06.08 10:32:04.218,0.78936,0.78965,3.00,2.25
2012.06.08 10:32:04.282,0.78939,0.78969,3.00,2.25
2012.06.08 10:32:08.340,0.78942,0.78974,2.25,2.44
2012.06.08 10:32:10.032,0.78942,0.78974,2.44,2.25
2012.06.08 10:32:13.165,0.78942,0.78974,3.19,2.25
2012.06.08 10:32:13.934,0.78942,0.78974,2.44,2.25
2012.06.08 10:32:16.012,0.78942,0.78974,2.44,2.25
2012.06.08 10:32:19.460,0.78942,0.78974,3.19,2.25
2012.06.08 10:32:25.169,0.78942,0.78974,3.00,2.25
2012.06.08 10:32:25.343,0.78946,0.78978,3.00,2.44
2012.06.08 10:32:25.410,0.78946,0.78978,3.00,3.19
2012.06.08 10:32:25.582,0.78946,0.78978,3.19,3.00
2012.06.08 10:32:26.310,0.78946,0.78978,3.19,2.25
2012.06.08 10:32:29.670,0.78946,0.78978,3.19,3.00
2012.06.08 10:32:31.654,0.78946,0.78978,3.19,2.25
2012.06.08 10:32:33.364,0.78946,0.78978,3.19,3.00
2012.06.08 10:32:33.915,0.78946,0.78978,2.25,3.00
2012.06.08 10:32:34.040,0.78942,0.78974,3.38,2.25
2012.06.08 10:32:34.713,0.78942,0.78974,3.19,2.25
2012.06.08 10:32:36.383,0.78942,0.78974,3.19,2.25
2012.06.08 10:32:36.564,0.78946,0.78978,3.19,3.00
2012.06.08 10:32:36.699,0.7895,0.78982,2.25,3.19
2012.06.08 10:32:36.763,0.7895,0.78982,2.25,2.44
2012.06.08 10:32:37.497,0.7895,0.78982,2.25,2.25
2012.06.08 10:32:37.701,0.7895,0.78981,2.25,1.13
2012.06.08 10:32:38.111,0.78946,0.78974,3.00,2.25
2012.06.08 10:32:39.439,0.78946,0.78974,2.25,2.25
2012.06.08 10:32:40.040,0.78941,0.78971,1.13,2.25
2012.06.08 10:32:40.452,0.78941,0.78971,1.13,2.25
2012.06.08 10:32:40.809,0.78941,0.78971,1.13,2.25
2012.06.08 10:32:41.431,0.78939,0.78971,3.19,2.25
2012.06.08 10:32:41.909,0.7894,0.78971,1.32,2.25
2012.06.08 10:32:42.100,0.78947,0.78973,2.25,2.25
2012.06.08 10:32:44.460,0.78947,0.78973,3.00,2.25
2012.06.08 10:32:44.620,0.78947,0.78973,3.00,2.25
2012.06.08 10:32:44.901,0.78947,0.78973,3.00,2.25
2012.06.08 10:32:46.082,0.78947,0.78973,3.00,2.25
2012.06.08 10:32:46.172,0.78947,0.78973,3.00,2.25
2012.06.08 10:32:46.390,0.78947,0.78973,2.25,2.25
2012.06.08 10:32:47.032,0.78944,0.7897,1.13,2.25
2012.06.08 10:32:47.851,0.7894,0.78965,3.38,2.25
2012.06.08 10:32:47.912,0.7894,0.78965,3.38,2.25
2012.06.08 10:32:48.482,0.7894,0.78965,3.19,2.25
2012.06.08 10:32:49.252,0.7894,0.78965,2.25,2.25
2012.06.08 10:32:52.418,0.7894,0.78965,3.00,2.25
2012.06.08 10:32:54.020,0.78945,0.78965,1.13,2.25
2012.06.08 10:32:54.133,0.7895,0.78976,2.25,2.25
2012.06.08 10:32:54.973,0.7895,0.78976,3.00,2.25
2012.06.08 10:32:56.000,0.78952,0.78984,3.00,2.44
2012.06.08 10:32:56.202,0.78952,0.78984,3.38,2.25
2012.06.08 10:33:00.937,0.78952,0.78984,2.25,2.25
2012.06.08 10:33:03.576,0.78952,0.78984,2.25,3.19
2012.06.08 10:33:03.890,0.78957,0.78984,2.25,2.44
2012.06.08 10:33:03.951,0.78957,0.78984,2.25,2.25
2012.06.08 10:33:04.144,0.78952,0.78982,1.13,2.25
2012.06.08 10:33:04.273,0.7895,0.78982,3.19,2.25
2012.06.08 10:33:07.165,0.7895,0.78982,3.19,2.25
2012.06.08 10:33:07.431,0.7895,0.78982,3.19,2.25
2012.06.08 10:33:07.868,0.7895,0.78982,3.19,2.25
2012.06.08 10:33:09.895,0.78957,0.78984,2.25,2.25
2012.06.08 10:33:10.781,0.78953,0.7898,3.38,2.25
2012.06.08 10:33:11.110,0.7896,0.78992,2.44,2.25
2012.06.08 10:33:11.921,0.7896,0.78992,3.19,2.25
2012.06.08 10:33:16.446,0.7896,0.78992,2.44,2.25
2012.06.08 10:33:16.663,0.7896,0.78992,3.19,2.25
2012.06.08 10:33:17.613,0.7896,0.78992,3.19,2.63
2012.06.08 10:33:17.681,0.7896,0.78992,2.44,2.63
2012.06.08 10:33:17.883,0.78953,0.78983,3.19,2.25
2012.06.08 10:33:19.429,0.78953,0.78983,2.25,2.25
2012.06.08 10:33:21.261,0.78953,0.78983,3.00,2.25
2012.06.08 10:33:27.359,0.78953,0.78983,2.25,2.25
2012.06.08 10:33:36.347,0.78953,0.78983,3.00,2.25
2012.06.08 10:33:39.377,0.78953,0.78983,2.25,2.25
2012.06.08 10:33:57.933,0.78953,0.78983,2.44,2.25
2012.06.08 10:34:03.198,0.78953,0.78983,3.19,2.25
2012.06.08 10:34:05.804,0.78959,0.78987,2.25,2.44
2012.06.08 10:34:06.432,0.78964,0.7899,2.25,1.35
2012.06.08 10:34:06.494,0.78964,0.78994,2.25,3.19
2012.06.08 10:34:07.890,0.78964,0.78994,2.44,2.25
2012.06.08 10:34:16.327,0.78964,0.78994,2.25,3.38
2012.06.08 10:34:16.704,0.78959,0.78987,2.44,2.25
2012.06.08 10:34:16.992,0.78952,0.78984,3.79,2.25
2012.06.08 10:34:17.635,0.7895,0.78976,2.44,2.25
2012.06.08 10:34:18.011,0.78951,0.78976,1.13,2.25
2012.06.08 10:34:18.173,0.7896,0.78986,2.25,2.44
2012.06.08 10:34:27.468,0.7896,0.78986,3.00,2.44
2012.06.08 10:34:30.455,0.78957,0.78982,1.13,2.25
2012.06.08 10:34:33.464,0.7896,0.7899,3.00,2.63
2012.06.08 10:34:33.640,0.7896,0.7899,3.00,2.63
2012.06.08 10:34:33.706,0.7896,0.7899,3.19,2.25
2012.06.08 10:34:33.857,0.7896,0.7899,2.44,3.00
2012.06.08 10:34:34.674,0.78955,0.78987,4.50,2.25
2012.06.08 10:34:34.744,0.78955,0.78987,3.00,2.25
2012.06.08 10:34:35.591,0.78955,0.78987,2.44,2.44
2012.06.08 10:34:36.484,0.78955,0.78987,3.19,2.44
2012.06.08 10:34:37.095,0.78955,0.78987,2.44,2.44
2012.06.08 10:34:38.082,0.78955,0.78987,3.19,2.44
2012.06.08 10:34:38.935,0.78955,0.78987,3.00,2.63
2012.06.08 10:34:39.394,0.78956,0.78986,3.00,2.44
2012.06.08 10:34:39.525,0.78959,0.78991,3.00,2.44
2012.06.08 10:34:39.615,0.78959,0.78991,2.25,3.19
2012.06.08 10:34:39.756,0.78955,0.78987,3.19,2.25
2012.06.08 10:34:39.837,0.78959,0.78985,2.25,2.25
2012.06.08 10:34:40.193,0.78968,0.78985,1.13,2.25
2012.06.08 10:34:40.699,0.78973,0.78999,2.25,2.25
2012.06.08 10:35:00.557,0.78973,0.79003,2.25,3.19
2012.06.08 10:35:00.866,0.78977,0.79007,2.25,3.00
2012.06.08 10:35:00.934,0.78977,0.79007,2.25,2.44
2012.06.08 10:35:03.246,0.78977,0.79007,2.25,3.00
2012.06.08 10:35:03.338,0.78972,0.79,3.19,2.25
2012.06.08 10:35:10.771,0.78976,0.79004,2.25,3.19
2012.06.08 10:35:11.106,0.78976,0.79004,2.25,3.19
2012.06.08 10:35:11.295,0.78966,0.78993,3.75,2.25
2012.06.08 10:35:11.619,0.78971,0.78996,2.25,2.25
2012.06.08 10:35:13.797,0.78966,0.78993,3.00,2.25
2012.06.08 10:35:14.599,0.78966,0.78993,3.00,2.25
2012.06.08 10:35:18.934,0.78966,0.78993,3.00,2.25
2012.06.08 10:35:19.106,0.78966,0.78993,3.00,2.25
2012.06.08 10:35:21.863,0.78969,0.78999,2.25,1.73
2012.06.08 10:35:21.983,0.78967,0.78996,2.44,2.25
2012.06.08 10:35:22.449,0.78973,0.78999,2.25,2.25
2012.06.08 10:35:23.058,0.78972,0.79,2.25,2.44
2012.06.08 10:35:23.667,0.78973,0.78999,2.25,2.25
2012.06.08 10:35:23.737,0.78967,0.78996,2.44,2.25
2012.06.08 10:35:23.806,0.78967,0.78996,2.25,2.44
2012.06.08 10:35:30.384,0.78967,0.78996,3.00,2.25
2012.06.08 10:35:36.434,0.78967,0.78996,2.25,2.25
2012.06.08 10:35:36.661,0.78967,0.78996,3.00,2.25
2012.06.08 10:35:38.821,0.78967,0.78996,2.25,2.25
2012.06.08 10:35:40.335,0.78962,0.78994,3.75,2.25
2012.06.08 10:35:41.144,0.78962,0.78994,3.19,2.44
2012.06.08 10:35:41.335,0.78962,0.78994,3.19,2.44
2012.06.08 10:35:41.562,0.78966,0.78997,3.00,2.44
2012.06.08 10:35:41.717,0.78966,0.78997,3.00,2.44
2012.06.08 10:35:42.705,0.78966,0.78997,3.00,2.44
2012.06.08 10:35:48.739,0.78966,0.78997,2.25,2.44
2012.06.08 10:35:49.278,0.78966,0.78997,3.00,2.44
2012.06.08 10:35:51.705,0.78966,0.78997,3.00,2.44
2012.06.08 10:35:52.678,0.78966,0.78997,3.00,2.44
2012.06.08 10:35:52.805,0.78972,0.79,3.00,2.44
2012.06.08 10:35:54.834,0.78972,0.79,3.19,2.25
2012.06.08 10:35:55.871,0.78977,0.79007,2.25,2.44
2012.06.08 10:35:56.236,0.78977,0.79007,2.44,2.25
2012.06.08 10:35:56.514,0.78977,0.79007,2.25,2.44
2012.06.08 10:35:56.836,0.78972,0.78998,3.19,2.25
2012.06.08 10:35:57.303,0.78976,0.79006,3.00,2.44
2012.06.08 10:35:57.719,0.78976,0.79006,3.57,2.25
2012.06.08 10:35:58.051,0.78986,0.79012,2.25,2.25
2012.06.08 10:36:04.017,0.78989,0.79017,2.25,3.38
2012.06.08 10:36:04.083,0.78984,0.79012,2.44,2.25
2012.06.08 10:36:04.237,0.78986,0.79012,2.25,2.25
2012.06.08 10:36:04.907,0.78989,0.79016,2.25,2.44
2012.06.08 10:36:05.234,0.78989,0.79016,2.25,3.19
2012.06.08 10:36:06.098,0.78985,0.7901,2.44,2.25
2012.06.08 10:36:07.755,0.78981,0.79007,2.25,2.25
2012.06.08 10:36:08.103,0.78984,0.79011,2.25,2.44
2012.06.08 10:36:12.407,0.78988,0.79014,2.25,3.00
2012.06.08 10:36:13.195,0.78988,0.79014,2.25,2.25
2012.06.08 10:36:14.514,0.7898,0.79012,3.19,2.25
2012.06.08 10:36:15.219,0.7898,0.79012,3.19,2.44
2012.06.08 10:36:16.837,0.7898,0.79012,3.00,2.63
2012.06.08 10:36:21.406,0.7898,0.79012,3.00,2.63
2012.06.08 10:36:21.534,0.7898,0.79012,3.00,3.00
2012.06.08 10:36:21.664,0.78977,0.79007,3.00,2.44
2012.06.08 10:36:21.793,0.78984,0.79011,2.25,3.00
2012.06.08 10:36:22.489,0.78984,0.79011,2.25,2.25
2012.06.08 10:36:25.956,0.78984,0.79011,2.25,3.00
2012.06.08 10:36:26.120,0.78976,0.79008,3.38,3.00
2012.06.08 10:36:26.329,0.78976,0.79008,2.44,3.00
2012.06.08 10:36:27.644,0.78976,0.79008,3.00,2.44
2012.06.08 10:36:29.454,0.78976,0.79008,3.75,2.25
2012.06.08 10:36:29.900,0.78984,0.79011,2.25,2.44
2012.06.08 10:36:30.416,0.78984,0.79011,2.25,3.19
2012.06.08 10:36:30.606,0.78981,0.79007,2.25,2.25
2012.06.08 10:36:33.735,0.78977,0.79003,2.25,2.25
2012.06.08 10:36:34.280,0.7898,0.79009,2.25,3.60
2012.06.08 10:36:34.882,0.7898,0.79008,2.25,1.35
2012.06.08 10:36:35.747,0.7898,0.79009,2.25,2.25
2012.06.08 10:36:38.358,0.78986,0.79014,2.25,3.19
2012.06.08 10:36:39.908,0.78986,0.79014,2.25,2.25
2012.06.08 10:36:40.864,0.78983,0.7901,2.25,2.25
2012.06.08 10:36:41.544,0.78979,0.79006,2.63,2.25
2012.06.08 10:36:41.613,0.78979,0.79006,2.44,2.25
2012.06.08 10:36:42.196,0.78981,0.79013,2.25,2.63
2012.06.08 10:36:44.447,0.78981,0.79013,3.00,2.25
2012.06.08 10:36:45.134,0.78981,0.79013,3.00,2.25
2012.06.08 10:36:50.424,0.78981,0.79013,3.00,2.63
2012.06.08 10:36:50.923,0.7898,0.79005,3.00,2.25
2012.06.08 10:36:52.428,0.7898,0.79005,2.25,2.25
2012.06.08 10:36:52.948,0.7898,0.79005,3.00,2.25
2012.06.08 10:36:53.027,0.78984,0.79009,2.25,2.25
2012.06.08 10:36:56.739,0.78984,0.79009,3.00,2.25
2012.06.08 10:37:00.876,0.78984,0.79009,2.25,2.25
2012.06.08 10:37:01.064,0.78979,0.79006,3.19,2.25
2012.06.08 10:37:03.404,0.78979,0.79006,2.25,2.25
2012.06.08 10:37:03.616,0.78979,0.79006,3.00,2.25
2012.06.08 10:37:03.784,0.7899,0.79016,2.25,2.25
2012.06.08 10:37:04.422,0.7899,0.79016,2.63,2.25
2012.06.08 10:37:04.483,0.78993,0.79022,2.25,2.25
2012.06.08 10:37:05.484,0.78996,0.79026,2.25,3.19
2012.06.08 10:37:05.813,0.78994,0.7902,2.25,3.00
2012.06.08 10:37:10.387,0.78994,0.7902,2.25,2.25
2012.06.08 10:37:10.707,0.78998,0.79023,2.25,3.60
2012.06.08 10:37:12.706,0.78998,0.79023,2.25,3.00
2012.06.08 10:37:14.714,0.78993,0.79021,2.25,3.00
2012.06.08 10:37:15.251,0.78993,0.79021,2.25,2.25
2012.06.08 10:37:16.592,0.78998,0.79023,2.25,2.25
2012.06.08 10:37:18.382,0.78998,0.79023,2.25,3.00
2012.06.08 10:37:18.494,0.78998,0.79023,2.25,2.25
2012.06.08 10:37:18.705,0.78994,0.7902,2.25,2.25
2012.06.08 10:37:25.978,0.78994,0.7902,2.25,3.00
2012.06.08 10:37:26.125,0.78994,0.7902,2.25,2.25
2012.06.08 10:37:42.503,0.78998,0.79023,2.25,2.25
2012.06.08 10:37:59.617,0.79004,0.79032,2.25,3.19
2012.06.08 10:38:00.392,0.79004,0.79032,2.25,2.25
2012.06.08 10:38:00.677,0.79004,0.79032,2.25,3.00
2012.06.08 10:38:00.894,0.79004,0.79032,2.25,2.25
2012.06.08 10:38:05.869,0.79005,0.79031,2.44,2.25
2012.06.08 10:38:10.886,0.79005,0.79031,2.44,2.25
2012.06.08 10:38:11.074,0.79009,0.79035,2.25,3.00
2012.06.08 10:38:11.464,0.79013,0.79039,2.25,3.19
2012.06.08 10:38:12.296,0.79013,0.79039,2.25,3.00
2012.06.08 10:38:12.367,0.79013,0.79039,2.25,2.25
2012.06.08 10:38:12.436,0.79013,0.79039,2.25,3.75
2012.06.08 10:38:12.504,0.79004,0.79036,4.54,3.19
2012.06.08 10:38:12.653,0.79004,0.79036,2.44,3.19
2012.06.08 10:38:12.997,0.79013,0.79039,2.25,3.75
2012.06.08 10:38:13.255,0.79005,0.79035,2.25,3.19
2012.06.08 10:38:13.974,0.79005,0.79035,2.82,3.00
2012.06.08 10:38:14.114,0.79012,0.7904,2.25,3.19
2012.06.08 10:38:27.451,0.79004,0.79036,2.63,3.00
2012.06.08 10:38:27.683,0.79004,0.79036,2.63,3.00
2012.06.08 10:38:27.828,0.79004,0.79036,2.44,3.19
2012.06.08 10:38:28.334,0.79004,0.79036,2.44,3.19
2012.06.08 10:38:28.471,0.79005,0.79031,2.25,2.25
2012.06.08 10:38:29.025,0.79003,0.79031,2.25,2.25
2012.06.08 10:38:30.871,0.79003,0.79031,2.25,2.85
2012.06.08 10:38:30.938,0.78997,0.79024,2.63,3.00
2012.06.08 10:38:31.264,0.78997,0.79024,2.25,2.25
2012.06.08 10:38:31.335,0.78993,0.79021,2.44,2.25
2012.06.08 10:38:33.307,0.78993,0.79021,2.25,2.25
2012.06.08 10:38:36.090,0.78993,0.79021,2.63,2.25
2012.06.08 10:38:36.154,0.78998,0.79026,2.25,2.25
2012.06.08 10:38:36.365,0.79003,0.79029,2.25,1.54
2012.06.08 10:38:37.003,0.79003,0.79029,2.25,1.35
2012.06.08 10:38:37.285,0.78997,0.79028,2.44,3.00
2012.06.08 10:38:37.764,0.78993,0.79021,3.00,2.25
2012.06.08 10:38:38.016,0.78993,0.79021,2.44,2.25
2012.06.08 10:38:42.394,0.78993,0.79021,3.00,2.25
2012.06.08 10:38:42.556,0.78996,0.79022,2.25,2.25
2012.06.08 10:38:47.001,0.7899,0.79018,2.63,2.25
2012.06.08 10:38:47.478,0.7899,0.79018,2.25,2.25
2012.06.08 10:38:47.652,0.78998,0.79023,2.25,1.50
2012.06.08 10:38:47.834,0.78998,0.79026,2.25,3.04
2012.06.08 10:38:49.090,0.78998,0.79026,2.25,2.85
2012.06.08 10:38:49.160,0.78998,0.79024,2.25,1.50
2012.06.08 10:38:49.225,0.78991,0.79017,2.25,2.25
2012.06.08 10:38:49.357,0.78987,0.79013,1.54,2.25
2012.06.08 10:38:50.016,0.7898,0.7901,1.50,2.25
2012.06.08 10:38:50.407,0.7898,0.7901,1.50,2.25
2012.06.08 10:38:50.536,0.78987,0.79017,2.25,2.63
2012.06.08 10:38:51.037,0.78987,0.79017,3.00,2.25
2012.06.08 10:38:51.116,0.78987,0.79017,2.25,2.25
2012.06.08 10:38:51.246,0.7899,0.79015,2.25,2.25
2012.06.08 10:38:51.427,0.78983,0.79013,3.04,2.25
2012.06.08 10:38:51.557,0.78986,0.79013,1.13,2.25
2012.06.08 10:38:51.640,0.78996,0.79028,2.25,3.75
2012.06.08 10:38:51.707,0.78996,0.79027,2.25,1.50
2012.06.08 10:38:51.865,0.78989,0.79016,2.25,2.25
2012.06.08 10:38:52.057,0.78985,0.79013,2.25,2.25
2012.06.08 10:38:53.935,0.78985,0.79013,3.00,2.25
2012.06.08 10:38:58.443,0.78985,0.79013,2.25,2.25
2012.06.08 10:38:58.638,0.7899,0.79015,2.25,2.25
2012.06.08 10:39:01.645,0.7899,0.79015,3.00,2.25
2012.06.08 10:39:03.154,0.7899,0.79015,2.25,2.25
2012.06.08 10:39:03.728,0.78992,0.7902,2.25,2.44
2012.06.08 10:39:06.507,0.78992,0.7902,2.25,2.44
2012.06.08 10:39:06.857,0.78989,0.79016,2.25,2.44
2012.06.08 10:39:07.014,0.78986,0.79012,3.00,2.25
2012.06.08 10:39:07.229,0.78989,0.79019,2.25,2.44
2012.06.08 10:39:07.295,0.78989,0.79019,2.44,2.25
2012.06.08 10:39:13.372,0.78989,0.79019,3.00,2.44
2012.06.08 10:39:13.538,0.78989,0.79019,2.25,2.44
2012.06.08 10:39:13.642,0.78986,0.79012,3.00,2.25
2012.06.08 10:39:14.149,0.78981,0.79006,3.00,2.25
2012.06.08 10:39:14.684,0.78981,0.79006,3.00,2.25
2012.06.08 10:39:15.395,0.78981,0.79006,3.00,2.25
2012.06.08 10:39:15.614,0.78981,0.79006,3.00,2.25
2012.06.08 10:39:15.863,0.78984,0.7901,3.19,2.25
2012.06.08 10:39:16.543,0.78983,0.79009,3.00,2.25
2012.06.08 10:39:16.607,0.7899,0.79021,3.38,2.44
2012.06.08 10:39:16.938,0.7899,0.79021,3.00,2.63
2012.06.08 10:39:17.437,0.7899,0.7902,2.25,1.13
2012.06.08 10:39:18.234,0.78987,0.79017,2.44,2.25
2012.06.08 10:39:20.565,0.78987,0.79017,2.25,2.44
2012.06.08 10:39:21.576,0.78987,0.79017,2.25,2.44
2012.06.08 10:39:22.032,0.7898,0.79009,1.13,2.25
2012.06.08 10:39:22.094,0.78986,0.79012,3.00,2.25
2012.06.08 10:39:22.721,0.78986,0.79012,3.00,2.25
2012.06.08 10:39:24.126,0.78989,0.79016,2.25,2.44
2012.06.08 10:39:24.923,0.78989,0.79016,3.00,2.44
2012.06.08 10:39:25.045,0.78996,0.79024,3.00,2.44
2012.06.08 10:39:25.547,0.78993,0.79019,3.00,2.25
2012.06.08 10:39:25.876,0.78996,0.79024,3.00,2.44
2012.06.08 10:39:26.536,0.78996,0.79024,2.25,3.19
2012.06.08 10:39:27.342,0.78996,0.79024,2.25,3.19
2012.06.08 10:39:29.417,0.78996,0.79024,2.25,3.19
2012.06.08 10:39:31.717,0.78996,0.79024,2.25,3.00
2012.06.08 10:39:32.826,0.78996,0.79024,2.25,3.38
2012.06.08 10:39:33.046,0.78993,0.79019,2.25,2.25
2012.06.08 10:39:33.523,0.78985,0.79013,2.44,2.25
2012.06.08 10:39:34.146,0.78985,0.79013,3.00,2.25
2012.06.08 10:39:34.991,0.78985,0.79013,2.25,2.25
2012.06.08 10:39:35.486,0.78985,0.79013,3.00,2.25
2012.06.08 10:39:36.000,0.78988,0.7902,2.25,3.00
2012.06.08 10:39:36.194,0.78988,0.7902,2.25,2.63
2012.06.08 10:39:36.625,0.78988,0.7902,3.00,2.63
2012.06.08 10:39:37.094,0.78993,0.79023,2.25,2.44
2012.06.08 10:39:38.002,0.78993,0.79023,2.25,3.38
2012.06.08 10:39:38.648,0.78993,0.79019,2.25,3.00
2012.06.08 10:39:38.715,0.78989,0.79016,2.25,2.25
2012.06.08 10:39:39.720,0.78989,0.79016,2.25,3.00
2012.06.08 10:39:39.965,0.78983,0.79009,2.25,2.25
2012.06.08 10:39:40.927,0.78983,0.79009,3.00,2.25
2012.06.08 10:39:40.996,0.78986,0.79014,3.00,2.44
2012.06.08 10:39:41.065,0.78986,0.79014,3.00,2.25
2012.06.08 10:39:42.143,0.78986,0.79014,2.25,3.00
2012.06.08 10:39:42.325,0.78983,0.79009,2.25,2.25
2012.06.08 10:39:45.220,0.78983,0.79009,2.25,2.44
2012.06.08 10:39:45.728,0.78976,0.79006,3.19,2.25
2012.06.08 10:39:45.990,0.78976,0.79006,3.19,2.25
2012.06.08 10:39:46.407,0.78976,0.79003,3.00,2.25
2012.06.08 10:39:46.475,0.78979,0.7901,3.00,1.35
2012.06.08 10:39:46.625,0.78977,0.79002,3.00,2.25
2012.06.08 10:39:46.695,0.78977,0.79002,3.00,2.25
2012.06.08 10:39:46.989,0.78977,0.79002,3.00,2.25
2012.06.08 10:39:47.864,0.7898,0.79006,3.00,2.25
2012.06.08 10:39:48.285,0.78983,0.79011,2.25,2.44
2012.06.08 10:39:48.527,0.78983,0.79011,3.00,2.44
2012.06.08 10:39:49.016,0.78983,0.79011,2.25,2.44
2012.06.08 10:39:49.180,0.78983,0.79011,2.44,2.25
2012.06.08 10:39:49.588,0.78995,0.7902,2.25,3.00
2012.06.08 10:39:49.832,0.78987,0.79018,3.00,1.50
2012.06.08 10:39:50.434,0.78987,0.79018,3.00,1.13
2012.06.08 10:39:51.824,0.78987,0.79019,3.00,2.63
2012.06.08 10:39:51.934,0.78987,0.79018,3.00,1.13
2012.06.08 10:39:51.995,0.78987,0.79018,3.00,3.00
2012.06.08 10:39:52.253,0.78983,0.79011,2.25,2.44
2012.06.08 10:39:52.371,0.78983,0.79011,3.00,2.44
2012.06.08 10:39:53.566,0.78983,0.79011,2.25,2.44
2012.06.08 10:39:55.079,0.78983,0.79011,3.00,2.44
2012.06.08 10:39:55.492,0.78983,0.79011,2.25,2.44
2012.06.08 10:39:56.464,0.78983,0.79011,3.00,2.44
2012.06.08 10:39:59.614,0.78988,0.79016,2.25,2.25
2012.06.08 10:40:03.345,0.78984,0.7901,3.00,2.25
2012.06.08 10:40:03.745,0.78984,0.7901,2.25,2.25
2012.06.08 10:40:03.815,0.78987,0.79018,2.25,1.13
2012.06.08 10:40:03.886,0.78987,0.79018,3.00,1.50
2012.06.08 10:40:04.013,0.78983,0.79011,3.19,2.25
2012.06.08 10:40:04.245,0.78987,0.79018,3.00,1.13
2012.06.08 10:40:04.405,0.78987,0.79019,3.00,3.19
2012.06.08 10:40:05.459,0.78995,0.79024,2.25,1.13
2012.06.08 10:40:05.821,0.78995,0.79025,3.00,2.63
2012.06.08 10:40:06.247,0.78995,0.79025,3.00,2.44
2012.06.08 10:40:09.694,0.78995,0.79025,2.25,3.19
2012.06.08 10:40:10.059,0.78992,0.79018,3.19,2.25
2012.06.08 10:40:14.755,0.78992,0.79018,2.25,2.63
2012.06.08 10:40:14.825,0.78984,0.79016,3.19,2.44
2012.06.08 10:40:14.977,0.78984,0.79016,3.19,2.44
2012.06.08 10:40:15.735,0.78984,0.79016,3.00,2.44
2012.06.08 10:40:16.439,0.78989,0.79015,2.25,2.44
2012.06.08 10:40:16.784,0.78989,0.79013,2.25,1.32
2012.06.08 10:40:17.560,0.78983,0.79011,2.25,2.44
2012.06.08 10:40:17.808,0.78979,0.79004,3.00,2.25
2012.06.08 10:40:18.845,0.78976,0.79003,3.19,2.25
2012.06.08 10:40:19.631,0.78976,0.79003,3.19,2.25
2012.06.08 10:40:19.856,0.78976,0.79003,3.19,2.25
2012.06.08 10:40:23.495,0.78977,0.79005,3.00,2.25
2012.06.08 10:40:23.563,0.78981,0.79009,3.00,2.44
2012.06.08 10:40:23.630,0.78976,0.79003,3.00,2.25
2012.06.08 10:40:23.764,0.78983,0.79009,2.25,2.25
2012.06.08 10:40:24.054,0.78977,0.79005,3.19,2.25
2012.06.08 10:40:24.364,0.78993,0.7902,2.25,3.75
2012.06.08 10:40:24.571,0.78988,0.79014,2.25,2.25
2012.06.08 10:40:24.794,0.78994,0.79019,2.25,2.25
2012.06.08 10:40:25.057,0.78987,0.79015,2.44,2.25
2012.06.08 10:40:25.186,0.78987,0.79015,2.25,2.44
2012.06.08 10:40:25.658,0.78986,0.79018,2.25,3.19
2012.06.08 10:40:25.727,0.78983,0.79009,2.44,3.00
2012.06.08 10:40:25.917,0.78983,0.79009,2.44,3.00
