2017.04.18 02:00:00.561,0.93378,0.93405,1.00,1.00
2017.04.18 02:00:01.411,0.93378,0.93403,1.00,1.00
2017.04.18 02:00:01.910,0.9338,0.93405,1.00,1.00
2017.04.18 02:00:02.061,0.93382,0.93408,1.00,1.00
2017.04.18 02:00:02.954,0.93382,0.9341,1.00,1.00
2017.04.18 02:00:05.610,0.93384,0.9341,1.00,1.00
2017.04.18 02:00:06.220,0.93384,0.93412,1.00,1.00
2017.04.18 02:00:07.891,0.93382,0.93407,1.00,1.00
2017.04.18 02:00:07.992,0.93381,0.93409,1.00,1.00
2017.04.18 02:00:08.042,0.93379,0.93407,1.00,1.00
2017.04.18 02:00:08.344,0.93376,0.93404,1.35,1.00
2017.04.18 02:00:08.745,0.93378,0.93406,1.00,1.00
2017.04.18 02:00:09.595,0.93379,0.93407,1.00,1.00
2017.04.18 02:00:10.456,0.93377,0.93405,1.00,1.00
2017.04.18 02:00:11.311,0.93377,0.93406,1.00,1.00
2017.04.18 02:00:11.820,0.93377,0.93405,1.00,1.00
2017.04.18 02:00:12.712,0.93378,0.93406,1.00,1.00
2017.04.18 02:00:13.932,0.93378,0.93404,1.00,1.00
2017.04.18 02:00:15.385,0.93378,0.93403,1.00,1.00
2017.04.18 02:00:24.077,0.93376,0.93402,1.00,1.00
2017.04.18 02:00:25.691,0.93374,0.93399,1.00,1.00
2017.04.18 02:00:25.864,0.93375,0.93401,1.00,1.00
2017.04.18 02:00:26.156,0.93373,0.93399,1.00,1.00
2017.04.18 02:00:31.009,0.93373,0.934,1.00,1.00
2017.04.18 02:00:32.194,0.93375,0.934,1.00,1.00
2017.04.18 02:00:32.810,0.93375,0.93403,1.00,1.00
2017.04.18 02:00:33.144,0.93377,0.93403,1.00,1.00
2017.04.18 02:00:33.827,0.93375,0.93403,1.35,1.00
2017.04.18 02:00:35.231,0.93378,0.93404,1.00,1.00
2017.04.18 02:00:36.232,0.93375,0.93407,1.35,1.00
2017.04.18 02:00:37.711,0.93379,0.93406,1.00,1.00
2017.04.18 02:00:38.751,0.93378,0.93406,1.00,1.00
2017.04.18 02:00:45.290,0.93379,0.93404,1.00,1.00
2017.04.18 02:00:47.320,0.93377,0.93403,1.00,1.00
2017.04.18 02:00:51.183,0.93377,0.93404,1.00,1.00
2017.04.18 02:00:53.634,0.93373,0.934,1.00,1.00
2017.04.18 02:00:53.735,0.93369,0.93397,1.00,1.00
2017.04.18 02:00:53.786,0.93368,0.93394,1.00,1.00
2017.04.18 02:00:54.159,0.93369,0.93396,1.00,1.00
2017.04.18 02:00:54.598,0.93371,0.93397,1.00,1.00
2017.04.18 02:00:55.132,0.93372,0.93399,1.00,1.00
2017.04.18 02:00:58.897,0.93371,0.93396,1.00,1.00
2017.04.18 02:00:59.148,0.93372,0.93398,1.00,1.00
2017.04.18 02:00:59.316,0.9337,0.93397,1.00,1.00
2017.04.18 02:01:00.567,0.93371,0.93398,1.00,1.00
2017.04.18 02:01:01.571,0.93371,0.93397,1.00,1.00
2017.04.18 02:01:01.979,0.93373,0.93399,1.00,1.00
2017.04.18 02:01:02.298,0.93375,0.934,1.00,1.00
2017.04.18 02:01:02.450,0.93373,0.93399,1.00,1.00
2017.04.18 02:01:04.292,0.93375,0.934,1.00,1.00
2017.04.18 02:01:06.872,0.93376,0.93402,1.00,1.00
2017.04.18 02:01:08.811,0.93377,0.93402,1.00,1.00
2017.04.18 02:01:10.691,0.93377,0.93403,1.00,1.00
2017.04.18 02:01:12.679,0.93376,0.93401,1.00,1.00
2017.04.18 02:01:15.597,0.93376,0.93402,1.00,1.00
2017.04.18 02:01:16.598,0.93376,0.93403,1.00,1.00
2017.04.18 02:01:19.417,0.93375,0.934,1.00,1.00
2017.04.18 02:01:19.791,0.93376,0.93403,1.00,1.00
2017.04.18 02:01:34.546,0.93375,0.93402,1.00,1.00
2017.04.18 02:01:34.597,0.93375,0.934,1.00,1.00
2017.04.18 02:01:40.175,0.93373,0.934,1.60,1.00
2017.04.18 02:01:40.276,0.93371,0.93398,1.00,1.00
2017.04.18 02:01:40.327,0.9337,0.93395,1.00,1.00
2017.04.18 02:01:41.648,0.93371,0.93396,1.00,1.00
2017.04.18 02:01:43.394,0.9337,0.93395,1.00,1.00
2017.04.18 02:01:43.521,0.93372,0.93399,1.00,1.00
2017.04.18 02:01:45.657,0.93373,0.93399,1.00,1.00
2017.04.18 02:01:46.160,0.93375,0.93399,1.00,1.00
2017.04.18 02:01:46.313,0.93376,0.93401,1.00,1.00
2017.04.18 02:01:46.581,0.93375,0.93399,1.00,1.00
2017.04.18 02:01:47.161,0.93375,0.934,1.00,1.00
2017.04.18 02:01:48.188,0.93374,0.93399,1.00,1.00
2017.04.18 02:01:50.219,0.93374,0.93398,1.00,1.00
2017.04.18 02:01:53.855,0.93373,0.93397,1.00,1.00
2017.04.18 02:01:54.715,0.93373,0.934,1.00,1.00
2017.04.18 02:01:54.816,0.93375,0.934,1.00,1.00
2017.04.18 02:01:55.083,0.93373,0.934,1.00,1.00
2017.04.18 02:01:55.395,0.93375,0.93401,1.00,1.00
2017.04.18 02:01:56.781,0.93374,0.93401,1.00,1.00
2017.04.18 02:01:57.201,0.93372,0.93399,1.60,1.00
2017.04.18 02:01:57.739,0.93372,0.93399,1.00,1.00
2017.04.18 02:02:00.524,0.93375,0.93399,1.00,1.00
2017.04.18 02:02:00.738,0.93376,0.93402,1.00,1.00
2017.04.18 02:02:00.889,0.93377,0.93404,1.00,1.00
2017.04.18 02:02:00.990,0.93379,0.93406,1.00,1.00
2017.04.18 02:02:02.290,0.9338,0.93406,1.00,1.00
2017.04.18 02:02:03.584,0.93382,0.93406,1.00,1.00
2017.04.18 02:02:03.986,0.9338,0.93405,1.00,1.00
2017.04.18 02:02:04.956,0.93382,0.93406,1.00,1.00
2017.04.18 02:02:05.146,0.93379,0.93405,1.35,1.00
2017.04.18 02:02:05.715,0.93378,0.93406,1.60,1.00
2017.04.18 02:02:06.414,0.93379,0.93405,1.35,1.00
2017.04.18 02:02:07.768,0.93378,0.93402,1.00,1.00
2017.04.18 02:02:08.699,0.93378,0.93403,1.00,1.00
2017.04.18 02:02:09.432,0.93378,0.93402,1.00,1.00
2017.04.18 02:02:10.629,0.93377,0.93401,1.00,1.00
2017.04.18 02:02:12.056,0.93377,0.93402,1.00,1.00
2017.04.18 02:02:15.717,0.93377,0.93403,1.00,1.00
2017.04.18 02:02:16.518,0.9338,0.93404,1.00,1.00
2017.04.18 02:02:16.861,0.93378,0.93404,1.00,1.00
2017.04.18 02:02:17.244,0.9338,0.93404,1.00,1.00
2017.04.18 02:02:17.895,0.93379,0.93404,1.00,1.00
2017.04.18 02:02:18.097,0.93381,0.93407,1.00,1.00
2017.04.18 02:02:18.198,0.93382,0.93409,1.00,1.00
2017.04.18 02:02:18.248,0.93385,0.93409,1.00,1.00
2017.04.18 02:02:20.419,0.93387,0.93411,1.00,1.00
2017.04.18 02:02:20.747,0.93385,0.93409,1.00,1.00
2017.04.18 02:02:20.828,0.93382,0.93408,1.00,1.00
2017.04.18 02:02:20.929,0.93386,0.9341,1.00,1.00
2017.04.18 02:02:22.568,0.93384,0.9341,1.00,1.00
2017.04.18 02:02:22.619,0.93383,0.93408,1.00,1.00
2017.04.18 02:02:23.573,0.93384,0.93409,1.00,1.00
2017.04.18 02:02:24.195,0.93386,0.93411,1.00,1.00
2017.04.18 02:02:24.549,0.93387,0.93414,1.00,1.00
2017.04.18 02:02:24.600,0.9339,0.93414,1.00,1.00
2017.04.18 02:02:25.532,0.93391,0.93415,1.00,1.00
2017.04.18 02:02:26.314,0.93392,0.93416,1.00,1.00
2017.04.18 02:02:26.949,0.93393,0.93417,1.00,1.00
2017.04.18 02:02:27.000,0.9339,0.93416,1.00,1.00
2017.04.18 02:02:27.295,0.93391,0.93418,1.00,1.35
2017.04.18 02:02:27.947,0.93394,0.93418,1.00,1.00
2017.04.18 02:02:28.461,0.93392,0.93418,1.60,1.00
2017.04.18 02:02:29.026,0.93394,0.93419,1.00,1.00
2017.04.18 02:02:29.646,0.93394,0.93421,1.00,1.00
2017.04.18 02:02:30.533,0.93393,0.9342,1.35,1.00
2017.04.18 02:02:31.248,0.93394,0.93421,1.00,1.00
2017.04.18 02:02:39.492,0.93393,0.9342,1.35,1.00
2017.04.18 02:02:40.761,0.93395,0.93419,1.00,1.00
2017.04.18 02:02:45.773,0.93396,0.9342,1.00,1.00
2017.04.18 02:02:46.773,0.93396,0.93421,1.00,1.00
2017.04.18 02:02:54.021,0.93397,0.93421,1.00,1.00
2017.04.18 02:02:58.843,0.93396,0.93421,1.00,1.00
2017.04.18 02:03:00.498,0.93394,0.93422,1.00,1.00
2017.04.18 02:03:00.549,0.93396,0.93421,1.00,1.00
2017.04.18 02:03:01.163,0.93394,0.9342,1.00,1.00
2017.04.18 02:03:01.482,0.93392,0.93419,1.00,1.00
2017.04.18 02:03:01.922,0.93395,0.93419,1.00,1.00
2017.04.18 02:03:04.941,0.93397,0.93421,1.00,1.00
2017.04.18 02:03:05.132,0.93397,0.93423,1.00,1.00
2017.04.18 02:03:09.050,0.93398,0.93423,1.00,1.00
2017.04.18 02:03:12.136,0.93396,0.93423,1.00,1.00
2017.04.18 02:03:12.187,0.93396,0.9342,1.00,1.00
2017.04.18 02:03:12.726,0.93393,0.93419,1.00,1.00
2017.04.18 02:03:12.927,0.93391,0.93418,1.00,1.00
2017.04.18 02:03:23.403,0.93398,0.93423,1.00,1.00
2017.04.18 02:03:23.504,0.93398,0.93425,1.00,1.00
2017.04.18 02:03:23.705,0.93401,0.93427,1.00,1.00
2017.04.18 02:03:24.264,0.93402,0.93429,1.00,1.00
2017.04.18 02:03:25.689,0.93403,0.93429,1.00,1.00
2017.04.18 02:03:27.763,0.93401,0.93426,1.00,1.00
2017.04.18 02:03:27.917,0.93399,0.93425,1.00,1.00
2017.04.18 02:03:28.945,0.93401,0.93426,1.00,1.00
2017.04.18 02:03:29.272,0.93399,0.93424,1.00,1.00
2017.04.18 02:03:29.647,0.93397,0.93422,1.00,1.00
2017.04.18 02:03:29.987,0.93403,0.93427,1.00,1.00
2017.04.18 02:03:30.514,0.93402,0.93427,1.00,1.00
2017.04.18 02:03:30.757,0.934,0.93427,1.00,1.00
2017.04.18 02:03:31.368,0.934,0.93425,1.00,1.00
2017.04.18 02:03:32.783,0.93397,0.93422,1.00,1.00
2017.04.18 02:03:32.934,0.93394,0.93422,1.00,1.00
2017.04.18 02:03:33.342,0.93396,0.93423,1.00,1.00
2017.04.18 02:03:34.403,0.93395,0.93422,1.00,1.00
2017.04.18 02:03:35.063,0.93394,0.93421,1.00,1.00
2017.04.18 02:03:35.414,0.93396,0.93421,1.00,1.00
2017.04.18 02:03:37.136,0.93398,0.93423,1.00,1.00
2017.04.18 02:03:38.509,0.93398,0.93425,1.00,1.00
2017.04.18 02:03:38.559,0.93403,0.93429,1.00,1.00
2017.04.18 02:03:38.660,0.93408,0.93435,1.00,1.50
2017.04.18 02:03:39.585,0.93408,0.93433,1.00,1.00
2017.04.18 02:03:40.458,0.93409,0.93434,1.00,1.00
2017.04.18 02:03:41.025,0.93409,0.93433,1.00,1.00
2017.04.18 02:03:44.202,0.93409,0.93435,1.00,1.00
2017.04.18 02:03:45.203,0.9341,0.93435,1.00,1.00
2017.04.18 02:03:45.897,0.9341,0.93436,1.00,1.00
2017.04.18 02:03:48.848,0.93412,0.93437,1.00,1.00
2017.04.18 02:03:50.804,0.93412,0.93439,1.00,1.00
2017.04.18 02:03:50.855,0.93411,0.93442,1.00,2.10
2017.04.18 02:03:51.834,0.93411,0.93442,1.00,1.50
2017.04.18 02:03:55.226,0.93411,0.9344,1.00,1.00
2017.04.18 02:03:55.513,0.93409,0.9344,1.00,1.00
2017.04.18 02:03:55.939,0.93407,0.93438,1.35,1.00
2017.04.18 02:03:56.286,0.93407,0.93436,1.00,1.00
2017.04.18 02:03:56.614,0.93409,0.93438,1.00,1.00
2017.04.18 02:03:58.856,0.9341,0.93439,1.00,1.00
2017.04.18 02:04:01.819,0.9341,0.93438,1.00,1.00
2017.04.18 02:04:03.190,0.93408,0.93438,1.00,1.00
2017.04.18 02:04:03.240,0.93408,0.93436,1.00,1.00
2017.04.18 02:04:03.748,0.93407,0.93435,1.00,1.00
2017.04.18 02:04:04.060,0.93409,0.93435,1.00,1.00
2017.04.18 02:04:04.603,0.93408,0.93434,1.00,1.00
2017.04.18 02:04:07.429,0.93409,0.93437,1.00,1.00
2017.04.18 02:04:07.547,0.93404,0.93433,1.60,1.00
2017.04.18 02:04:07.849,0.93399,0.93426,1.00,1.00
2017.04.18 02:04:08.203,0.93402,0.93428,1.00,1.00
2017.04.18 02:04:08.549,0.93403,0.9343,1.00,1.00
2017.04.18 02:04:09.549,0.93404,0.9343,1.00,1.00
2017.04.18 02:04:10.287,0.93405,0.93431,1.00,1.00
2017.04.18 02:04:11.802,0.93406,0.93432,1.00,1.00
2017.04.18 02:04:13.138,0.93405,0.93433,1.00,1.00
2017.04.18 02:04:13.652,0.93406,0.93434,1.00,1.00
2017.04.18 02:04:14.197,0.9341,0.93436,1.00,1.00
2017.04.18 02:04:14.685,0.93407,0.93438,1.00,1.00
2017.04.18 02:04:15.016,0.93405,0.93438,1.00,1.00
2017.04.18 02:04:15.725,0.93404,0.93437,1.35,1.00
2017.04.18 02:04:15.871,0.93407,0.93438,1.00,1.00
2017.04.18 02:04:16.489,0.93404,0.93437,1.35,1.00
2017.04.18 02:04:16.652,0.93406,0.93439,1.00,1.35
2017.04.18 02:04:17.014,0.93404,0.93437,1.35,1.00
2017.04.18 02:04:18.916,0.93407,0.93438,1.00,1.00
2017.04.18 02:04:19.568,0.93404,0.93437,1.35,1.00
2017.04.18 02:04:20.144,0.93406,0.93439,1.00,1.35
2017.04.18 02:04:20.705,0.93408,0.93436,1.00,1.00
2017.04.18 02:04:21.092,0.93407,0.93434,1.00,1.00
2017.04.18 02:04:23.389,0.93408,0.93436,1.00,1.00
2017.04.18 02:04:24.305,0.93407,0.93433,1.00,1.00
2017.04.18 02:04:24.926,0.93409,0.93435,1.00,1.00
2017.04.18 02:04:25.248,0.93407,0.93433,1.00,1.00
2017.04.18 02:04:26.046,0.93408,0.93436,1.00,1.00
2017.04.18 02:04:26.263,0.93407,0.93433,1.00,1.00
2017.04.18 02:04:31.513,0.93405,0.93433,1.00,1.00
2017.04.18 02:04:34.347,0.93405,0.93434,1.00,1.00
2017.04.18 02:04:34.575,0.93405,0.93432,1.00,1.00
2017.04.18 02:04:35.222,0.93407,0.93433,1.00,1.00
2017.04.18 02:04:35.707,0.93405,0.93431,1.00,1.00
2017.04.18 02:04:36.180,0.93403,0.93431,1.00,1.00
2017.04.18 02:04:38.006,0.93403,0.93429,1.00,1.00
2017.04.18 02:04:38.063,0.93401,0.93429,1.35,1.00
2017.04.18 02:04:40.434,0.93403,0.93431,1.00,1.00
2017.04.18 02:04:40.768,0.93401,0.93429,1.35,1.00
2017.04.18 02:04:41.431,0.93403,0.93429,1.00,1.00
2017.04.18 02:04:45.280,0.93407,0.93433,1.00,1.00
2017.04.18 02:04:45.607,0.93409,0.93435,1.00,1.00
2017.04.18 02:04:46.550,0.93408,0.93434,1.00,1.00
2017.04.18 02:04:55.050,0.93408,0.93433,1.00,1.00
2017.04.18 02:05:00.999,0.93406,0.93431,1.00,1.00
2017.04.18 02:05:01.975,0.93405,0.93433,1.00,1.00
2017.04.18 02:05:02.079,0.93407,0.93432,1.00,1.00
2017.04.18 02:05:09.811,0.93407,0.93435,1.00,1.00
2017.04.18 02:05:10.098,0.93407,0.93432,1.00,1.00
2017.04.18 02:05:11.225,0.93406,0.93434,1.00,1.00
2017.04.18 02:05:16.079,0.93406,0.93433,1.00,1.00
2017.04.18 02:05:17.081,0.93407,0.93433,1.00,1.00
2017.04.18 02:05:21.081,0.93409,0.93434,1.00,1.00
2017.04.18 02:05:27.334,0.93408,0.93433,1.00,1.00
2017.04.18 02:05:28.347,0.93409,0.93434,1.00,1.00
2017.04.18 02:05:29.214,0.93409,0.93436,1.00,1.00
2017.04.18 02:05:30.360,0.9341,0.93437,1.00,1.00
2017.04.18 02:05:30.411,0.93413,0.9344,1.00,1.00
2017.04.18 02:05:30.562,0.93417,0.93445,1.00,1.00
2017.04.18 02:05:31.389,0.93419,0.93445,1.00,1.00
2017.04.18 02:05:31.722,0.93421,0.93446,1.00,1.00
2017.04.18 02:05:31.820,0.93419,0.93445,1.00,1.00
2017.04.18 02:05:32.391,0.93418,0.93445,1.00,1.00
2017.04.18 02:05:39.352,0.93418,0.93443,1.00,1.00
2017.04.18 02:05:47.110,0.93419,0.93446,1.00,1.00
2017.04.18 02:05:47.493,0.93418,0.93444,1.00,1.00
2017.04.18 02:05:47.694,0.93411,0.93439,1.00,1.60
2017.04.18 02:05:47.901,0.93414,0.93439,1.00,1.00
2017.04.18 02:05:48.878,0.93413,0.93438,1.00,1.00
2017.04.18 02:05:49.098,0.93413,0.93441,1.00,1.00
2017.04.18 02:05:50.564,0.93415,0.93442,1.00,1.00
2017.04.18 02:05:50.949,0.93412,0.9344,1.00,1.00
2017.04.18 02:05:51.000,0.9341,0.93435,1.00,1.00
2017.04.18 02:05:51.051,0.93407,0.93435,1.35,1.00
2017.04.18 02:05:51.151,0.93409,0.93434,1.00,1.00
2017.04.18 02:05:51.494,0.93411,0.93436,1.00,1.00
2017.04.18 02:05:52.085,0.93412,0.93437,1.00,1.00
2017.04.18 02:05:52.742,0.93414,0.93439,1.00,1.35
2017.04.18 02:05:54.382,0.93412,0.9344,1.00,1.60
2017.04.18 02:06:01.291,0.93411,0.93437,1.00,1.00
2017.04.18 02:06:01.668,0.93409,0.93436,1.00,1.00
2017.04.18 02:06:01.768,0.93411,0.93438,1.00,1.35
2017.04.18 02:06:02.216,0.9341,0.93435,1.00,1.00
2017.04.18 02:06:03.661,0.93413,0.93438,1.00,1.00
2017.04.18 02:06:03.762,0.93415,0.93441,1.35,1.00
2017.04.18 02:06:04.665,0.93416,0.93442,1.00,1.00
2017.04.18 02:06:04.967,0.93417,0.93444,1.00,1.00
2017.04.18 02:06:06.324,0.93422,0.93447,1.00,1.00
2017.04.18 02:06:06.636,0.93425,0.9345,1.00,1.00
2017.04.18 02:06:08.850,0.93418,0.93445,1.00,1.00
2017.04.18 02:06:08.901,0.93417,0.93442,1.00,1.00
2017.04.18 02:06:09.450,0.93416,0.93441,1.00,1.00
2017.04.18 02:06:10.357,0.93415,0.9344,1.00,1.00
2017.04.18 02:06:10.969,0.93414,0.93441,1.00,1.00
2017.04.18 02:06:16.198,0.93415,0.93441,1.00,1.00
2017.04.18 02:06:24.943,0.93415,0.9344,1.00,1.00
2017.04.18 02:06:29.365,0.93414,0.93439,1.00,1.00
2017.04.18 02:06:33.221,0.93415,0.9344,1.00,1.00
2017.04.18 02:06:35.322,0.93414,0.9344,1.00,1.00
2017.04.18 02:06:36.372,0.93414,0.93439,1.00,1.00
2017.04.18 02:06:36.505,0.93414,0.93441,1.00,1.00
2017.04.18 02:06:37.832,0.93416,0.93441,1.00,1.00
2017.04.18 02:06:39.472,0.93415,0.93443,1.00,1.00
2017.04.18 02:06:40.479,0.93417,0.93442,1.00,1.00
2017.04.18 02:06:44.911,0.93422,0.93447,1.00,1.50
2017.04.18 02:06:46.770,0.93423,0.93448,1.00,1.00
2017.04.18 02:06:55.003,0.93421,0.93449,1.35,1.00
2017.04.18 02:06:55.926,0.93423,0.93449,1.00,1.00
2017.04.18 02:07:01.021,0.93425,0.9345,1.00,1.00
2017.04.18 02:07:01.819,0.93423,0.9345,1.00,1.00
2017.04.18 02:07:06.779,0.93425,0.9345,1.00,1.00
2017.04.18 02:07:09.241,0.93424,0.93449,1.00,1.00
2017.04.18 02:07:10.160,0.93424,0.9345,1.00,1.00
2017.04.18 02:07:16.318,0.93425,0.9345,1.00,1.00
2017.04.18 02:07:17.319,0.93424,0.9345,1.00,1.00
2017.04.18 02:07:19.133,0.93423,0.93448,1.00,1.00
2017.04.18 02:07:22.562,0.93424,0.93449,1.00,1.00
2017.04.18 02:07:23.565,0.93425,0.9345,1.00,1.00
2017.04.18 02:07:26.412,0.93424,0.93449,1.00,1.00
2017.04.18 02:07:28.342,0.93423,0.93449,1.00,1.00
2017.04.18 02:07:28.442,0.93421,0.93449,1.00,1.00
2017.04.18 02:07:29.377,0.93423,0.93448,1.00,1.00
2017.04.18 02:07:30.481,0.93425,0.9345,1.00,1.00
2017.04.18 02:07:35.210,0.93426,0.93453,1.00,1.00
2017.04.18 02:07:35.610,0.93428,0.93455,1.00,1.00
2017.04.18 02:07:37.093,0.9343,0.93457,1.00,1.35
2017.04.18 02:07:37.144,0.93431,0.93459,1.00,1.00
2017.04.18 02:07:37.194,0.93436,0.93461,1.00,1.00
2017.04.18 02:07:37.547,0.9344,0.93464,1.00,1.00
2017.04.18 02:07:37.687,0.93436,0.93463,1.00,1.00
2017.04.18 02:07:37.860,0.93439,0.93464,1.00,1.00
2017.04.18 02:07:39.066,0.93441,0.93465,1.00,1.00
2017.04.18 02:07:40.065,0.9344,0.93467,1.00,1.00
2017.04.18 02:07:40.609,0.93443,0.93467,1.00,1.00
2017.04.18 02:07:41.117,0.93443,0.93468,1.00,1.00
2017.04.18 02:07:45.820,0.93442,0.93466,1.00,1.00
2017.04.18 02:07:46.848,0.93443,0.93468,1.00,1.00
2017.04.18 02:07:51.598,0.93444,0.93469,1.00,1.00
2017.04.18 02:07:52.700,0.93442,0.93466,1.00,1.00
2017.04.18 02:07:53.653,0.93443,0.93469,1.00,1.00
2017.04.18 02:07:53.989,0.93445,0.93469,1.00,1.00
2017.04.18 02:07:55.123,0.93443,0.93468,1.00,1.00
2017.04.18 02:07:55.299,0.93445,0.93469,1.00,1.00
2017.04.18 02:07:55.370,0.93443,0.93468,1.00,1.00
2017.04.18 02:07:56.855,0.93444,0.9347,1.00,1.00
2017.04.18 02:07:56.906,0.93447,0.93473,1.00,1.00
2017.04.18 02:07:57.317,0.93447,0.93476,1.00,1.35
2017.04.18 02:07:57.760,0.93449,0.93477,1.00,1.00
2017.04.18 02:07:58.742,0.93451,0.93479,1.00,1.50
2017.04.18 02:07:59.784,0.9345,0.93479,1.00,1.00
2017.04.18 02:08:00.431,0.93452,0.93482,1.00,1.00
2017.04.18 02:08:00.599,0.93451,0.93479,1.00,1.00
2017.04.18 02:08:00.802,0.93449,0.93479,1.00,1.00
2017.04.18 02:08:01.395,0.93447,0.93475,1.00,1.00
2017.04.18 02:08:01.647,0.93444,0.93475,1.00,1.00
2017.04.18 02:08:01.748,0.93441,0.9347,1.00,1.00
2017.04.18 02:08:01.799,0.93439,0.93469,1.00,1.00
2017.04.18 02:08:02.235,0.93441,0.9347,1.00,1.50
2017.04.18 02:08:02.588,0.93438,0.93469,1.00,1.00
2017.04.18 02:08:02.788,0.9344,0.93469,1.00,1.00
2017.04.18 02:08:03.174,0.93442,0.93469,1.00,1.00
2017.04.18 02:08:03.896,0.93442,0.93468,1.00,1.00
2017.04.18 02:08:03.988,0.93442,0.9347,1.00,1.50
2017.04.18 02:08:04.089,0.93442,0.93468,1.00,1.00
2017.04.18 02:08:04.527,0.93438,0.93467,1.50,1.00
2017.04.18 02:08:04.748,0.93436,0.93466,1.00,1.00
2017.04.18 02:08:04.949,0.93438,0.93467,1.00,1.00
2017.04.18 02:08:05.510,0.93439,0.93468,1.00,1.00
2017.04.18 02:08:09.237,0.93437,0.93468,1.00,1.00
2017.04.18 02:08:09.768,0.93436,0.93467,1.35,1.00
2017.04.18 02:08:10.153,0.93438,0.93467,1.00,1.00
2017.04.18 02:08:10.460,0.93441,0.9347,1.00,1.00
2017.04.18 02:08:10.719,0.93438,0.93469,1.50,1.00
2017.04.18 02:08:11.285,0.93442,0.9347,1.00,1.00
2017.04.18 02:08:11.393,0.93443,0.93472,1.00,1.00
2017.04.18 02:08:11.624,0.93441,0.9347,1.00,1.00
2017.04.18 02:08:12.259,0.93442,0.93472,1.00,1.60
2017.04.18 02:08:12.777,0.93441,0.93472,1.00,1.60
2017.04.18 02:08:13.132,0.93444,0.93473,1.00,1.60
2017.04.18 02:08:13.672,0.93445,0.93474,1.00,1.60
2017.04.18 02:08:14.918,0.93449,0.93477,1.00,2.10
2017.04.18 02:08:14.969,0.93448,0.93479,1.00,1.35
2017.04.18 02:08:15.019,0.93451,0.93479,1.00,1.35
2017.04.18 02:08:16.439,0.93449,0.9348,1.00,1.60
2017.04.18 02:08:18.009,0.93449,0.93478,1.00,1.00
2017.04.18 02:08:18.549,0.93451,0.9348,1.00,1.35
2017.04.18 02:08:20.286,0.93453,0.93482,1.00,1.00
2017.04.18 02:08:21.134,0.93451,0.9348,1.00,1.00
2017.04.18 02:08:21.660,0.93452,0.93481,1.00,1.00
2017.04.18 02:08:22.171,0.93452,0.93483,1.00,1.60
2017.04.18 02:08:22.703,0.93454,0.93484,1.00,1.00
2017.04.18 02:08:22.860,0.93452,0.93483,1.00,1.00
2017.04.18 02:08:23.015,0.93454,0.93483,1.00,1.00
2017.04.18 02:08:24.797,0.93456,0.93485,1.00,1.50
2017.04.18 02:08:25.295,0.93453,0.93482,1.50,1.00
2017.04.18 02:08:25.604,0.93455,0.93484,1.00,1.00
2017.04.18 02:08:25.835,0.93455,0.93486,1.00,1.00
2017.04.18 02:08:28.250,0.93457,0.93484,1.00,1.00
2017.04.18 02:08:35.546,0.93458,0.93482,1.00,1.00
2017.04.18 02:08:36.292,0.93457,0.93483,1.00,1.00
2017.04.18 02:08:37.034,0.93459,0.93483,1.00,1.00
2017.04.18 02:08:37.558,0.93456,0.93483,1.00,1.00
2017.04.18 02:08:38.446,0.93457,0.93483,1.00,1.00
2017.04.18 02:08:39.072,0.93459,0.93483,1.00,1.00
2017.04.18 02:08:39.526,0.93461,0.93485,1.00,1.00
2017.04.18 02:08:39.628,0.93462,0.93487,1.00,1.00
2017.04.18 02:08:39.729,0.93459,0.93487,1.00,1.00
2017.04.18 02:08:40.170,0.93461,0.93488,1.00,1.00
2017.04.18 02:08:40.645,0.93466,0.93494,1.00,1.60
2017.04.18 02:08:40.829,0.93466,0.93496,1.00,1.00
2017.04.18 02:08:41.356,0.93462,0.93491,1.35,1.00
2017.04.18 02:08:41.407,0.93462,0.93494,1.50,1.00
2017.04.18 02:08:42.568,0.93461,0.9349,1.00,1.00
2017.04.18 02:08:42.619,0.93458,0.9349,1.50,1.00
2017.04.18 02:08:42.820,0.93456,0.93486,1.00,1.00
2017.04.18 02:08:44.996,0.93456,0.93486,1.00,1.60
2017.04.18 02:08:45.097,0.93457,0.93489,1.00,1.00
2017.04.18 02:08:46.048,0.93459,0.93488,1.00,1.00
2017.04.18 02:08:47.155,0.93459,0.93487,1.00,1.00
2017.04.18 02:08:47.548,0.93454,0.93485,1.50,1.35
2017.04.18 02:08:47.598,0.93454,0.93482,1.50,1.00
2017.04.18 02:08:50.121,0.93455,0.93481,1.00,1.00
2017.04.18 02:08:53.720,0.93457,0.93481,1.00,1.00
2017.04.18 02:08:54.114,0.93455,0.93481,1.00,1.00
2017.04.18 02:08:54.741,0.93457,0.93481,1.00,1.00
2017.04.18 02:08:55.242,0.93456,0.9348,1.00,1.00
2017.04.18 02:08:56.023,0.93455,0.93479,1.00,1.00
2017.04.18 02:08:59.858,0.93453,0.93474,1.00,1.00
2017.04.18 02:08:59.909,0.93453,0.93476,1.00,1.00
2017.04.18 02:08:59.960,0.93454,0.93478,1.00,1.00
2017.04.18 02:09:00.277,0.93454,0.9348,1.00,1.00
2017.04.18 02:09:00.473,0.93456,0.93481,1.00,1.00
2017.04.18 02:09:01.632,0.93456,0.9348,1.00,1.00
2017.04.18 02:09:03.222,0.93454,0.9348,1.00,1.00
2017.04.18 02:09:03.635,0.93457,0.93482,1.00,1.00
2017.04.18 02:09:03.852,0.93455,0.93486,1.00,1.00
2017.04.18 02:09:03.953,0.93454,0.93483,1.00,1.00
2017.04.18 02:09:04.004,0.93456,0.93487,1.00,1.35
2017.04.18 02:09:04.533,0.93457,0.93485,1.00,1.00
2017.04.18 02:09:04.584,0.93453,0.93484,2.10,1.00
2017.04.18 02:09:04.635,0.93456,0.93484,1.00,1.00
2017.04.18 02:09:04.887,0.93453,0.93483,1.35,1.00
2017.04.18 02:09:05.024,0.93455,0.93485,1.00,1.00
2017.04.18 02:09:05.674,0.93453,0.93483,2.10,1.00
2017.04.18 02:09:06.154,0.93455,0.93486,1.00,1.00
2017.04.18 02:09:06.254,0.93457,0.93487,1.00,1.35
2017.04.18 02:09:06.649,0.93454,0.93484,1.00,1.00
2017.04.18 02:09:07.483,0.93457,0.93487,1.00,1.35
2017.04.18 02:09:09.825,0.93457,0.93485,1.35,1.00
2017.04.18 02:09:10.037,0.93458,0.93489,1.60,1.00
2017.04.18 02:09:10.138,0.93462,0.9349,1.00,1.00
2017.04.18 02:09:13.679,0.9346,0.93489,1.00,1.00
2017.04.18 02:09:14.435,0.93462,0.9349,1.00,1.00
2017.04.18 02:09:15.348,0.93463,0.93489,1.00,1.00
2017.04.18 02:09:16.677,0.93463,0.93488,1.00,1.00
2017.04.18 02:09:17.558,0.93462,0.93488,1.00,1.00
2017.04.18 02:09:20.746,0.93464,0.93488,1.00,1.00
2017.04.18 02:09:21.969,0.93465,0.93491,1.00,1.00
2017.04.18 02:09:31.587,0.93466,0.93491,1.00,1.00
2017.04.18 02:09:32.590,0.93465,0.93491,1.00,1.00
2017.04.18 02:09:33.169,0.93467,0.93491,1.00,1.00
2017.04.18 02:09:33.305,0.93469,0.93494,1.00,1.00
2017.04.18 02:09:33.405,0.9347,0.93496,1.00,1.00
2017.04.18 02:09:34.147,0.93472,0.93496,1.00,1.00
2017.04.18 02:09:35.700,0.9347,0.93497,1.00,1.00
2017.04.18 02:09:36.673,0.9347,0.93496,1.00,1.00
2017.04.18 02:09:39.321,0.9347,0.93495,1.00,1.00
2017.04.18 02:09:40.320,0.9347,0.93496,1.00,1.00
2017.04.18 02:09:40.849,0.93472,0.93496,1.00,1.00
2017.04.18 02:09:42.069,0.9347,0.93497,1.00,1.00
2017.04.18 02:09:45.188,0.93469,0.93496,1.00,1.00
2017.04.18 02:09:46.754,0.9347,0.93494,1.00,1.00
2017.04.18 02:09:47.618,0.9347,0.93495,1.00,1.00
2017.04.18 02:09:49.255,0.9347,0.93496,1.00,1.00
2017.04.18 02:09:49.973,0.9347,0.93497,1.00,1.00
2017.04.18 02:09:50.280,0.93475,0.93501,1.00,1.00
2017.04.18 02:09:51.015,0.93474,0.93499,1.00,1.00
2017.04.18 02:09:51.066,0.93472,0.93498,1.00,1.00
2017.04.18 02:09:51.696,0.93472,0.93496,1.00,1.00
2017.04.18 02:09:52.214,0.93472,0.93497,1.00,1.00
2017.04.18 02:09:52.315,0.93473,0.93499,1.00,1.00
2017.04.18 02:09:52.691,0.93475,0.93499,1.00,1.00
2017.04.18 02:09:56.100,0.93476,0.935,1.00,1.00
2017.04.18 02:09:57.341,0.93478,0.93502,1.00,1.00
2017.04.18 02:09:58.509,0.93482,0.93506,1.00,1.00
2017.04.18 02:09:58.711,0.93485,0.9351,1.00,1.00
2017.04.18 02:09:59.256,0.93484,0.93511,1.00,1.00
2017.04.18 02:10:00.065,0.93484,0.9351,1.00,1.00
2017.04.18 02:10:00.891,0.93483,0.93507,1.00,1.00
2017.04.18 02:10:01.648,0.93482,0.93507,1.00,1.00
2017.04.18 02:10:01.699,0.93483,0.93509,1.00,1.00
2017.04.18 02:10:02.674,0.93483,0.93507,1.00,1.00
2017.04.18 02:10:04.572,0.93482,0.93507,1.00,1.00
2017.04.18 02:10:05.574,0.93482,0.93506,1.00,1.00
2017.04.18 02:10:13.900,0.93481,0.93508,1.00,1.00
2017.04.18 02:10:14.081,0.93478,0.93504,1.35,1.00
2017.04.18 02:10:14.426,0.93478,0.93502,1.00,1.00
2017.04.18 02:10:15.286,0.93477,0.93504,1.00,1.00
2017.04.18 02:10:20.403,0.9348,0.93504,1.00,1.00
2017.04.18 02:10:20.453,0.9348,0.93507,1.00,1.00
2017.04.18 02:10:24.922,0.93481,0.93505,1.00,1.00
2017.04.18 02:10:25.485,0.93479,0.93506,1.00,1.00
2017.04.18 02:10:30.280,0.93479,0.93503,1.00,1.00
2017.04.18 02:10:30.692,0.93476,0.935,1.00,1.00
2017.04.18 02:10:31.306,0.93477,0.93501,1.00,1.00
2017.04.18 02:10:31.356,0.93474,0.935,1.00,1.00
2017.04.18 02:10:31.507,0.93472,0.93498,1.00,1.00
2017.04.18 02:10:33.113,0.93468,0.93494,1.00,1.00
2017.04.18 02:10:33.164,0.93466,0.93493,1.00,1.00
2017.04.18 02:10:35.427,0.93465,0.93491,1.00,1.00
2017.04.18 02:10:37.665,0.93465,0.93492,1.00,1.00
2017.04.18 02:10:38.020,0.93461,0.93485,1.00,1.00
2017.04.18 02:10:40.057,0.9346,0.93487,1.00,1.00
2017.04.18 02:10:52.436,0.93459,0.93484,1.00,1.00
2017.04.18 02:10:52.587,0.93456,0.93482,1.00,1.00
2017.04.18 02:10:53.881,0.93454,0.93479,1.00,1.00
2017.04.18 02:10:56.438,0.93454,0.9348,1.00,1.00
2017.04.18 02:10:57.493,0.93454,0.93481,1.00,1.00
2017.04.18 02:10:57.795,0.93448,0.93472,1.00,1.00
2017.04.18 02:10:58.062,0.93446,0.93472,1.00,1.00
2017.04.18 02:11:00.260,0.93448,0.93474,1.00,1.00
2017.04.18 02:11:00.310,0.9345,0.93477,1.00,1.00
2017.04.18 02:11:00.935,0.93455,0.9348,1.00,1.00
2017.04.18 02:11:01.139,0.93457,0.93484,1.00,1.00
2017.04.18 02:11:01.493,0.93459,0.93486,1.00,1.00
2017.04.18 02:11:02.303,0.9346,0.93484,1.00,1.00
2017.04.18 02:11:02.531,0.93457,0.93484,1.00,1.00
2017.04.18 02:11:03.872,0.93459,0.93486,1.00,1.00
2017.04.18 02:11:04.935,0.93462,0.93486,1.00,1.00
2017.04.18 02:11:05.035,0.93459,0.93486,1.00,1.00
2017.04.18 02:11:05.410,0.93461,0.93487,1.00,1.00
2017.04.18 02:11:06.012,0.9346,0.93486,1.00,1.00
2017.04.18 02:11:10.084,0.9346,0.93485,1.00,1.00
2017.04.18 02:11:12.910,0.93458,0.93483,1.00,1.00
2017.04.18 02:11:13.420,0.93456,0.9348,1.00,1.00
2017.04.18 02:11:14.375,0.93457,0.93481,1.00,1.00
2017.04.18 02:11:15.028,0.93457,0.93482,1.00,1.00
2017.04.18 02:11:15.133,0.93458,0.93484,1.00,1.00
2017.04.18 02:11:17.299,0.93458,0.93483,1.00,1.00
2017.04.18 02:11:23.790,0.93456,0.93483,1.00,1.00
2017.04.18 02:11:23.891,0.93457,0.93481,1.00,1.00
2017.04.18 02:11:24.436,0.93456,0.9348,1.00,1.00
2017.04.18 02:11:25.335,0.93456,0.93483,1.00,1.00
2017.04.18 02:11:25.655,0.93456,0.93481,1.00,1.00
2017.04.18 02:11:25.756,0.93454,0.93481,1.00,1.00
2017.04.18 02:11:25.806,0.93458,0.93481,1.00,1.00
2017.04.18 02:11:25.857,0.93453,0.93479,1.00,1.00
2017.04.18 02:11:25.908,0.93455,0.93482,1.00,1.00
2017.04.18 02:11:26.014,0.93458,0.93482,1.00,1.00
2017.04.18 02:11:26.903,0.93456,0.93483,1.00,1.00
2017.04.18 02:11:31.828,0.93457,0.93481,1.00,1.00
2017.04.18 02:11:32.829,0.93457,0.93482,1.00,1.00
2017.04.18 02:11:33.605,0.93456,0.93482,1.00,1.00
2017.04.18 02:11:36.148,0.93456,0.93481,1.00,1.00
2017.04.18 02:11:36.659,0.93455,0.9348,1.00,1.00
2017.04.18 02:11:37.718,0.93457,0.93481,1.00,1.00
2017.04.18 02:11:37.998,0.93455,0.9348,1.00,1.00
2017.04.18 02:11:38.774,0.93455,0.93479,1.00,1.00
2017.04.18 02:11:40.072,0.93453,0.93479,1.50,1.00
2017.04.18 02:11:40.573,0.93455,0.93479,1.00,1.00
2017.04.18 02:11:42.227,0.93456,0.9348,1.00,1.00
2017.04.18 02:11:43.095,0.93455,0.93482,1.00,1.00
2017.04.18 02:11:43.216,0.93455,0.93479,1.00,1.00
2017.04.18 02:11:50.731,0.93456,0.9348,1.00,1.00
2017.04.18 02:11:50.933,0.93453,0.93479,1.00,1.00
2017.04.18 02:11:51.033,0.93451,0.93476,1.00,1.00
2017.04.18 02:11:51.191,0.93448,0.93474,1.50,1.00
2017.04.18 02:11:53.093,0.9345,0.93475,1.00,1.00
2017.04.18 02:11:53.542,0.93452,0.93479,1.00,1.00
2017.04.18 02:11:54.087,0.93452,0.93478,1.00,1.00
2017.04.18 02:11:54.286,0.9345,0.93477,1.00,1.00
2017.04.18 02:11:55.187,0.93452,0.93478,1.00,1.00
2017.04.18 02:11:55.871,0.93455,0.93479,1.00,1.00
2017.04.18 02:11:55.997,0.93454,0.93481,1.00,1.00
2017.04.18 02:11:56.048,0.93455,0.93479,1.00,1.00
2017.04.18 02:11:58.567,0.93456,0.93482,1.00,1.00
2017.04.18 02:11:59.730,0.93456,0.93481,1.00,1.00
2017.04.18 02:11:59.789,0.93455,0.93479,1.00,1.00
2017.04.18 02:12:00.732,0.93454,0.93479,1.00,1.00
2017.04.18 02:12:01.221,0.93456,0.9348,1.00,1.00
2017.04.18 02:12:01.494,0.93454,0.9348,1.00,1.00
2017.04.18 02:12:02.389,0.93454,0.93478,1.00,1.00
2017.04.18 02:12:04.228,0.93454,0.93481,1.00,1.00
2017.04.18 02:12:06.565,0.93455,0.93482,1.00,1.00
2017.04.18 02:12:06.963,0.93457,0.93481,1.00,1.00
2017.04.18 02:12:07.013,0.93458,0.93484,1.00,1.00
2017.04.18 02:12:07.064,0.9346,0.93486,1.00,1.00
2017.04.18 02:12:07.114,0.93461,0.93488,1.00,1.00
2017.04.18 02:12:07.901,0.93459,0.93485,1.00,1.00
2017.04.18 02:12:09.195,0.93462,0.93486,1.00,1.00
2017.04.18 02:12:09.743,0.93461,0.93485,1.00,1.00
2017.04.18 02:12:10.546,0.9346,0.93485,1.00,1.00
2017.04.18 02:12:10.896,0.93457,0.93481,1.00,1.00
2017.04.18 02:12:11.267,0.93453,0.93479,1.50,1.00
2017.04.18 02:12:11.528,0.93453,0.93476,1.00,1.00
2017.04.18 02:12:12.407,0.93453,0.93475,1.00,1.00
2017.04.18 02:12:13.114,0.93449,0.93475,1.00,1.00
2017.04.18 02:12:14.210,0.9345,0.93474,1.00,1.00
2017.04.18 02:12:15.155,0.93449,0.93476,1.00,1.00
2017.04.18 02:12:15.314,0.93453,0.93476,1.00,1.00
2017.04.18 02:12:16.021,0.93452,0.93476,1.00,1.00
2017.04.18 02:12:16.464,0.93457,0.93477,1.00,1.00
2017.04.18 02:12:16.615,0.93453,0.93477,1.00,1.00
2017.04.18 02:12:17.375,0.93458,0.93477,1.00,1.00
2017.04.18 02:12:17.426,0.93454,0.93478,1.00,1.00
2017.04.18 02:12:18.274,0.93453,0.93478,1.00,1.00
2017.04.18 02:12:19.286,0.93453,0.93477,1.50,1.00
2017.04.18 02:12:19.437,0.93451,0.93477,1.00,1.00
2017.04.18 02:12:20.557,0.93457,0.93477,1.00,1.00
2017.04.18 02:12:20.614,0.93453,0.93477,1.00,1.00
2017.04.18 02:12:21.829,0.93451,0.93477,1.00,1.00
2017.04.18 02:12:22.830,0.93452,0.93477,1.00,1.00
2017.04.18 02:12:23.425,0.93451,0.93477,1.00,1.00
2017.04.18 02:12:24.242,0.93447,0.93473,1.50,1.00
2017.04.18 02:12:24.292,0.93448,0.93475,1.00,1.00
2017.04.18 02:12:24.494,0.93452,0.93476,1.00,1.00
2017.04.18 02:12:24.914,0.93448,0.93475,1.00,1.00
2017.04.18 02:12:24.964,0.93448,0.93472,1.00,1.00
2017.04.18 02:12:25.389,0.9345,0.93476,1.00,1.00
2017.04.18 02:12:25.440,0.93448,0.93472,1.00,1.00
2017.04.18 02:12:25.491,0.93445,0.93472,1.00,1.00
2017.04.18 02:12:25.611,0.93447,0.93472,1.00,1.00
2017.04.18 02:12:26.045,0.93445,0.93469,1.00,1.00
2017.04.18 02:12:26.354,0.93443,0.93467,1.50,1.00
2017.04.18 02:12:26.914,0.93442,0.93466,1.50,1.00
2017.04.18 02:12:27.291,0.93438,0.93466,1.50,1.00
2017.04.18 02:12:27.392,0.9344,0.93464,1.00,1.00
2017.04.18 02:12:27.443,0.93438,0.93467,2.25,1.00
2017.04.18 02:12:27.986,0.93439,0.93466,1.00,1.00
2017.04.18 02:12:28.145,0.93441,0.93467,1.00,1.00
2017.04.18 02:12:28.246,0.93442,0.93469,1.00,1.00
2017.04.18 02:12:28.498,0.9344,0.93471,1.00,1.00
2017.04.18 02:12:28.843,0.9344,0.93469,1.00,1.00
2017.04.18 02:12:29.349,0.93437,0.93467,1.50,1.00
2017.04.18 02:12:29.854,0.9344,0.93464,1.00,1.00
2017.04.18 02:12:31.227,0.93439,0.93463,1.00,1.00
2017.04.18 02:12:31.470,0.93435,0.93462,1.00,1.00
2017.04.18 02:12:31.977,0.93434,0.9346,1.00,1.00
2017.04.18 02:12:32.493,0.93433,0.93461,1.00,1.00
2017.04.18 02:12:32.795,0.93434,0.93458,1.00,1.00
2017.04.18 02:12:33.189,0.93433,0.93462,1.00,1.00
2017.04.18 02:12:33.416,0.93437,0.93462,1.00,1.00
2017.04.18 02:12:33.554,0.93433,0.93462,1.00,1.00
2017.04.18 02:12:33.655,0.93435,0.93466,1.00,2.10
2017.04.18 02:12:33.705,0.93439,0.93468,1.00,1.00
2017.04.18 02:12:34.057,0.93443,0.93467,1.00,1.00
2017.04.18 02:12:34.315,0.93438,0.93466,1.00,1.00
2017.04.18 02:12:34.777,0.93442,0.93467,1.00,1.00
2017.04.18 02:12:34.827,0.93438,0.93467,1.50,1.00
2017.04.18 02:12:34.978,0.93439,0.93469,1.00,1.35
2017.04.18 02:12:35.607,0.9344,0.93469,1.00,1.35
2017.04.18 02:12:38.666,0.93442,0.93467,1.00,1.00
2017.04.18 02:12:38.745,0.93439,0.9347,1.00,1.60
2017.04.18 02:12:38.987,0.93442,0.93468,1.00,1.00
2017.04.18 02:12:45.265,0.93441,0.93466,1.00,1.00
2017.04.18 02:12:45.614,0.9344,0.93464,1.00,1.00
2017.04.18 02:12:46.977,0.93438,0.93465,1.00,1.00
2017.04.18 02:12:50.723,0.9344,0.93466,1.00,1.00
2017.04.18 02:12:52.579,0.9344,0.93464,1.00,1.00
2017.04.18 02:12:52.892,0.93438,0.93462,1.00,1.00
2017.04.18 02:12:53.226,0.9344,0.93464,1.00,1.00
2017.04.18 02:12:55.380,0.93441,0.93466,1.00,1.00
2017.04.18 02:13:02.221,0.93443,0.93467,1.00,1.00
2017.04.18 02:13:02.423,0.93444,0.93471,1.00,1.00
2017.04.18 02:13:02.624,0.93447,0.93471,1.00,1.00
2017.04.18 02:13:05.641,0.93447,0.93472,1.00,1.00
2017.04.18 02:13:07.710,0.93446,0.93471,1.00,1.00
2017.04.18 02:13:08.264,0.93444,0.93469,1.00,1.00
2017.04.18 02:13:10.753,0.93443,0.93468,1.00,1.00
2017.04.18 02:13:11.163,0.93441,0.93466,1.00,1.00
2017.04.18 02:13:12.028,0.93442,0.93466,1.50,1.00
2017.04.18 02:13:14.224,0.93443,0.93466,1.00,1.00
2017.04.18 02:13:15.683,0.93443,0.93465,1.00,1.00
2017.04.18 02:13:25.281,0.93443,0.93467,1.00,1.00
2017.04.18 02:13:25.785,0.93442,0.93467,1.00,1.00
2017.04.18 02:13:26.784,0.93443,0.93467,1.50,1.00
2017.04.18 02:13:33.310,0.93443,0.93468,1.50,1.00
2017.04.18 02:13:34.263,0.93444,0.93468,1.00,1.00
2017.04.18 02:13:36.014,0.93445,0.93469,1.00,1.00
2017.04.18 02:13:39.439,0.93446,0.93471,1.00,1.00
2017.04.18 02:13:44.791,0.93444,0.9347,1.00,1.00
2017.04.18 02:13:45.366,0.93443,0.93468,1.50,1.00
2017.04.18 02:13:47.099,0.93444,0.93468,1.00,1.00
2017.04.18 02:13:48.222,0.93443,0.93468,1.50,1.00
2017.04.18 02:13:53.067,0.93439,0.93463,1.00,1.00
2017.04.18 02:13:53.587,0.93438,0.93462,1.00,1.00
2017.04.18 02:13:53.965,0.93436,0.93461,1.00,1.00
2017.04.18 02:13:54.116,0.93438,0.93463,1.00,1.00
2017.04.18 02:13:54.418,0.9344,0.93464,1.00,1.00
2017.04.18 02:14:00.300,0.93439,0.93466,1.00,1.00
2017.04.18 02:14:01.530,0.93441,0.93465,1.00,1.00
2017.04.18 02:14:04.067,0.93442,0.93467,1.00,1.00
2017.04.18 02:14:05.864,0.9344,0.93466,1.00,1.00
2017.04.18 02:14:10.390,0.93441,0.93466,1.00,1.00
2017.04.18 02:14:11.372,0.93441,0.93465,1.00,1.00
2017.04.18 02:14:36.583,0.93443,0.93467,1.00,1.00
2017.04.18 02:14:36.634,0.93445,0.93472,1.00,1.50
2017.04.18 02:14:36.684,0.9345,0.93472,1.00,1.00
2017.04.18 02:14:36.735,0.9345,0.93474,1.00,1.00
2017.04.18 02:14:37.116,0.93448,0.93472,1.00,1.00
2017.04.18 02:14:45.685,0.93446,0.93472,1.00,1.00
2017.04.18 02:14:45.970,0.93446,0.9347,1.00,1.00
2017.04.18 02:14:46.021,0.93444,0.9347,1.50,1.00
2017.04.18 02:14:46.071,0.93443,0.93467,1.00,1.00
2017.04.18 02:14:47.243,0.93443,0.93469,1.00,1.00
2017.04.18 02:14:47.514,0.93445,0.93469,1.00,1.00
2017.04.18 02:14:51.494,0.93445,0.93471,1.00,1.00
2017.04.18 02:14:51.595,0.93443,0.93469,1.00,1.00
2017.04.18 02:14:51.966,0.93445,0.9347,1.00,1.00
2017.04.18 02:14:52.721,0.93447,0.93471,1.00,1.00
2017.04.18 02:14:53.651,0.93448,0.93473,1.00,1.00
2017.04.18 02:14:55.461,0.93448,0.93474,1.00,1.00
2017.04.18 02:14:58.985,0.93448,0.93472,1.00,1.00
2017.04.18 02:14:59.486,0.93447,0.93472,1.00,1.00
2017.04.18 02:14:59.991,0.93446,0.93472,1.00,1.00
2017.04.18 02:15:00.328,0.93448,0.93472,1.00,1.00
2017.04.18 02:15:02.750,0.93447,0.93472,1.00,1.00
2017.04.18 02:15:04.375,0.93446,0.9347,1.00,1.00
2017.04.18 02:15:06.920,0.93447,0.93473,1.00,1.00
2017.04.18 02:15:08.475,0.93445,0.93471,1.00,1.00
2017.04.18 02:15:09.692,0.93447,0.93472,1.00,1.00
2017.04.18 02:15:10.774,0.93448,0.93472,1.00,1.00
2017.04.18 02:15:11.736,0.93448,0.93473,1.00,1.00
2017.04.18 02:15:14.465,0.93449,0.93476,1.00,1.00
2017.04.18 02:15:14.516,0.93454,0.93479,1.00,1.00
2017.04.18 02:15:14.617,0.93451,0.93478,1.50,1.00
2017.04.18 02:15:14.818,0.93454,0.93478,1.00,1.00
2017.04.18 02:15:15.474,0.93454,0.9348,1.00,1.00
2017.04.18 02:15:17.279,0.93455,0.9348,1.00,1.00
2017.04.18 02:15:17.781,0.93453,0.9348,1.00,1.00
2017.04.18 02:15:21.412,0.93455,0.93481,1.00,1.00
2017.04.18 02:15:21.463,0.93456,0.93483,1.00,1.00
2017.04.18 02:15:22.779,0.93457,0.93482,1.00,1.00
2017.04.18 02:15:22.917,0.93455,0.93482,1.00,1.00
2017.04.18 02:15:24.762,0.93456,0.9348,1.00,1.00
2017.04.18 02:15:25.310,0.93455,0.93479,1.00,1.00
2017.04.18 02:15:26.124,0.93456,0.93481,1.00,1.00
2017.04.18 02:15:28.553,0.93453,0.9348,1.00,1.00
2017.04.18 02:15:29.458,0.93452,0.93477,1.00,1.00
2017.04.18 02:15:29.621,0.93448,0.93475,1.35,1.00
2017.04.18 02:15:32.309,0.93449,0.93473,1.00,1.00
2017.04.18 02:15:33.310,0.93448,0.93473,1.00,1.00
2017.04.18 02:15:35.560,0.93442,0.93466,1.60,1.00
2017.04.18 02:15:35.610,0.9344,0.93464,1.00,1.00
2017.04.18 02:15:35.661,0.93438,0.93463,1.00,1.00
2017.04.18 02:15:35.712,0.93437,0.93461,1.00,1.00
2017.04.18 02:15:35.762,0.93435,0.9346,1.00,1.00
2017.04.18 02:15:35.813,0.93433,0.93458,1.00,1.00
2017.04.18 02:15:36.146,0.93426,0.9345,1.87,1.00
2017.04.18 02:15:36.419,0.93422,0.93449,1.00,1.00
2017.04.18 02:15:36.744,0.93425,0.9345,1.00,1.00
2017.04.18 02:15:36.844,0.93428,0.93456,1.00,1.00
2017.04.18 02:15:37.421,0.93426,0.93456,1.00,1.00
2017.04.18 02:15:39.607,0.9343,0.93454,1.00,1.00
2017.04.18 02:15:41.054,0.93428,0.93455,1.00,1.00
2017.04.18 02:15:47.840,0.9343,0.93454,1.00,1.00
2017.04.18 02:15:50.103,0.93429,0.93453,1.00,1.00
2017.04.18 02:15:50.196,0.93429,0.93456,1.00,1.00
2017.04.18 02:15:50.296,0.93431,0.93457,1.00,1.00
2017.04.18 02:15:50.828,0.93431,0.93456,1.00,1.00
2017.04.18 02:15:51.247,0.93434,0.9346,1.00,1.00
2017.04.18 02:15:51.767,0.93434,0.93459,1.00,1.00
2017.04.18 02:15:52.050,0.93435,0.93461,1.00,1.00
2017.04.18 02:15:57.196,0.93433,0.9346,1.00,1.00
2017.04.18 02:15:57.347,0.93436,0.93461,1.00,1.00
2017.04.18 02:15:57.448,0.93433,0.9346,1.00,1.00
2017.04.18 02:15:57.631,0.93432,0.93458,1.00,1.00
2017.04.18 02:15:57.962,0.93434,0.9346,1.00,1.00
2017.04.18 02:15:58.845,0.93435,0.93461,1.00,1.00
2017.04.18 02:15:59.194,0.93434,0.93458,1.00,1.00
2017.04.18 02:15:59.717,0.93435,0.9346,1.00,1.00
2017.04.18 02:15:59.946,0.93433,0.93458,1.00,1.00
2017.04.18 02:16:00.317,0.93431,0.93456,1.00,1.00
2017.04.18 02:16:00.951,0.93432,0.93457,1.00,1.00
2017.04.18 02:16:02.747,0.93431,0.93456,1.00,1.00
2017.04.18 02:16:02.808,0.93432,0.93458,1.00,1.00
2017.04.18 02:16:11.114,0.93431,0.93457,1.00,1.00
2017.04.18 02:16:12.866,0.93432,0.93459,1.00,1.00
2017.04.18 02:16:16.123,0.93434,0.9346,1.00,1.00
2017.04.18 02:16:16.999,0.93434,0.93458,1.00,1.00
2017.04.18 02:16:17.411,0.93432,0.93458,1.00,1.00
2017.04.18 02:16:17.462,0.93434,0.93458,1.00,1.00
2017.04.18 02:16:17.977,0.93432,0.93458,1.00,1.00
2017.04.18 02:16:18.893,0.93434,0.9346,1.00,1.00
2017.04.18 02:16:19.895,0.93434,0.93461,1.00,1.00
2017.04.18 02:16:20.226,0.93434,0.93459,1.00,1.00
2017.04.18 02:16:20.276,0.93434,0.93461,1.00,1.00
2017.04.18 02:16:20.806,0.93437,0.93461,1.00,1.00
2017.04.18 02:16:21.157,0.93435,0.93459,1.00,1.00
2017.04.18 02:16:21.881,0.93436,0.9346,1.00,1.00
2017.04.18 02:16:21.931,0.93436,0.93462,1.00,1.00
2017.04.18 02:16:22.195,0.93434,0.93461,1.00,1.00
2017.04.18 02:16:22.816,0.93437,0.93461,1.00,1.00
2017.04.18 02:16:23.266,0.93437,0.93463,1.00,1.00
2017.04.18 02:16:23.317,0.93436,0.9346,1.00,1.00
2017.04.18 02:16:24.412,0.93435,0.93459,1.00,1.00
2017.04.18 02:16:24.930,0.93437,0.93461,1.00,1.00
2017.04.18 02:16:26.182,0.93437,0.93463,1.00,1.00
2017.04.18 02:16:27.038,0.93437,0.93461,1.00,1.00
2017.04.18 02:16:27.088,0.93435,0.9346,1.00,1.00
2017.04.18 02:16:28.041,0.93434,0.9346,1.00,1.00
2017.04.18 02:16:29.171,0.93437,0.93461,1.00,1.00
2017.04.18 02:16:29.395,0.93435,0.93461,1.00,1.00
2017.04.18 02:16:30.362,0.93436,0.93463,1.00,1.00
2017.04.18 02:16:30.412,0.93439,0.93463,1.00,1.00
2017.04.18 02:16:30.463,0.93441,0.93467,1.00,1.00
2017.04.18 02:16:30.733,0.93437,0.93461,1.00,1.00
2017.04.18 02:16:31.577,0.93436,0.9346,1.00,1.00
2017.04.18 02:16:32.453,0.93435,0.9346,1.00,1.00
2017.04.18 02:16:33.431,0.93436,0.9346,1.00,1.00
2017.04.18 02:16:35.984,0.93437,0.93462,1.00,1.00
2017.04.18 02:16:36.558,0.93438,0.93463,1.00,1.00
2017.04.18 02:16:36.811,0.93441,0.93465,1.00,1.00
2017.04.18 02:16:36.861,0.93441,0.93467,1.00,1.00
2017.04.18 02:16:39.684,0.93441,0.93465,1.00,1.00
2017.04.18 02:16:40.032,0.93443,0.93467,1.00,1.00
2017.04.18 02:16:41.174,0.93442,0.93466,1.00,1.00
2017.04.18 02:16:41.755,0.93443,0.93467,1.00,1.00
2017.04.18 02:16:47.472,0.93443,0.93468,1.00,1.00
2017.04.18 02:16:48.058,0.93445,0.93469,1.00,1.00
2017.04.18 02:16:55.495,0.93442,0.93469,1.00,1.00
2017.04.18 02:16:55.596,0.93443,0.93467,1.00,1.00
2017.04.18 02:16:56.014,0.93439,0.93464,1.00,1.00
2017.04.18 02:16:56.065,0.9344,0.93467,1.00,1.35
2017.04.18 02:16:56.115,0.93437,0.93463,1.00,1.00
2017.04.18 02:16:56.783,0.93439,0.93463,1.00,1.00
2017.04.18 02:16:57.789,0.93439,0.93464,1.00,1.00
2017.04.18 02:16:57.997,0.93441,0.93467,1.00,1.00
2017.04.18 02:16:58.792,0.93441,0.93466,1.00,1.00
2017.04.18 02:17:00.529,0.93439,0.93466,1.00,1.00
2017.04.18 02:17:01.987,0.93439,0.93465,1.00,1.00
2017.04.18 02:17:02.489,0.93439,0.93464,1.00,1.00
2017.04.18 02:17:04.809,0.93439,0.93463,1.00,1.00
2017.04.18 02:17:05.329,0.93437,0.93461,1.00,1.00
2017.04.18 02:17:09.719,0.93438,0.93464,1.00,1.00
2017.04.18 02:17:09.820,0.93436,0.93461,1.00,1.00
2017.04.18 02:17:10.450,0.93436,0.93462,1.00,1.00
2017.04.18 02:17:10.990,0.93435,0.93461,1.00,1.00
2017.04.18 02:17:12.751,0.93437,0.93463,1.00,1.00
2017.04.18 02:17:13.540,0.93439,0.93464,1.00,1.00
2017.04.18 02:17:13.991,0.93441,0.93465,1.00,1.00
2017.04.18 02:17:17.519,0.93441,0.93466,1.00,1.00
2017.04.18 02:17:21.022,0.93442,0.93468,1.00,1.00
2017.04.18 02:17:21.123,0.93444,0.93469,1.00,1.00
2017.04.18 02:17:21.436,0.93447,0.93471,1.00,1.00
2017.04.18 02:17:22.010,0.93446,0.9347,1.00,1.00
2017.04.18 02:17:23.094,0.93445,0.9347,1.00,1.00
2017.04.18 02:17:23.851,0.93444,0.93468,1.00,1.00
2017.04.18 02:17:24.709,0.93441,0.93477,1.00,3.60
2017.04.18 02:17:25.763,0.93446,0.9347,1.00,1.00
2017.04.18 02:17:27.885,0.93444,0.93471,1.00,1.00
2017.04.18 02:17:27.985,0.93446,0.9347,1.00,1.00
2017.04.18 02:17:28.886,0.93447,0.93471,1.00,1.00
2017.04.18 02:17:30.099,0.93447,0.93472,1.00,1.00
2017.04.18 02:17:33.575,0.93447,0.93471,1.00,1.00
2017.04.18 02:17:40.792,0.93447,0.93472,1.00,1.00
2017.04.18 02:17:41.294,0.93446,0.93472,1.00,1.00
2017.04.18 02:17:43.228,0.93443,0.93469,1.00,1.00
2017.04.18 02:17:43.810,0.93444,0.93469,1.00,1.00
2017.04.18 02:17:48.079,0.93444,0.93468,1.00,1.00
2017.04.18 02:18:02.608,0.93443,0.93468,1.00,1.50
2017.04.18 02:18:03.110,0.93442,0.93467,1.00,1.00
2017.04.18 02:18:04.154,0.93441,0.93465,1.00,1.00
2017.04.18 02:18:04.341,0.93438,0.93464,1.00,1.00
2017.04.18 02:18:04.542,0.93437,0.93461,1.00,1.00
2017.04.18 02:18:04.605,0.93435,0.9346,1.00,1.00
2017.04.18 02:18:11.353,0.93436,0.9346,1.00,1.00
2017.04.18 02:18:14.842,0.93436,0.93463,1.00,1.00
2017.04.18 02:18:14.996,0.93438,0.93465,1.00,1.60
2017.04.18 02:18:15.537,0.93438,0.93465,1.00,1.00
2017.04.18 02:18:16.009,0.93441,0.93466,1.00,1.00
2017.04.18 02:18:17.998,0.9344,0.93464,1.00,1.00
2017.04.18 02:18:20.634,0.93439,0.93466,1.00,1.00
2017.04.18 02:18:21.096,0.93439,0.93463,1.00,1.00
2017.04.18 02:18:22.028,0.93436,0.93462,1.00,1.00
2017.04.18 02:18:23.256,0.93436,0.9346,1.00,1.00
2017.04.18 02:18:25.859,0.93434,0.93459,1.00,1.00
2017.04.18 02:18:33.169,0.93435,0.93459,1.00,1.00
2017.04.18 02:18:40.912,0.93433,0.9346,1.00,1.00
2017.04.18 02:18:41.915,0.93434,0.93458,1.00,1.00
2017.04.18 02:18:48.199,0.93432,0.93459,1.00,1.00
2017.04.18 02:18:52.307,0.93431,0.93457,1.00,1.00
2017.04.18 02:18:56.443,0.93431,0.93458,1.00,1.00
2017.04.18 02:19:00.298,0.93432,0.93459,1.00,1.00
2017.04.18 02:19:00.737,0.93435,0.93459,1.00,1.35
2017.04.18 02:19:01.577,0.93436,0.9346,1.00,1.00
2017.04.18 02:19:02.082,0.93436,0.93461,1.00,1.00
2017.04.18 02:19:02.233,0.93437,0.93463,1.00,1.35
2017.04.18 02:19:02.541,0.93439,0.93463,1.00,1.35
2017.04.18 02:19:03.119,0.9344,0.93466,1.00,1.00
2017.04.18 02:19:03.220,0.93442,0.93467,1.00,1.00
2017.04.18 02:19:04.003,0.93443,0.93467,1.00,1.00
2017.04.18 02:19:05.315,0.9344,0.93467,1.00,1.00
2017.04.18 02:19:05.416,0.93444,0.93468,1.00,1.00
2017.04.18 02:19:11.473,0.93445,0.93469,1.00,1.00
2017.04.18 02:19:14.358,0.93444,0.93471,1.00,1.35
2017.04.18 02:19:22.882,0.93444,0.93469,1.00,1.00
2017.04.18 02:19:29.890,0.93443,0.93469,1.00,1.00
2017.04.18 02:19:32.520,0.93445,0.9347,1.00,1.00
2017.04.18 02:19:33.290,0.93445,0.93471,1.00,1.00
2017.04.18 02:19:41.032,0.93445,0.93472,1.00,1.00
2017.04.18 02:19:41.856,0.93444,0.93471,1.00,1.00
2017.04.18 02:19:48.319,0.93443,0.9347,1.00,1.00
2017.04.18 02:19:54.840,0.93444,0.93468,1.00,1.00
2017.04.18 02:19:55.096,0.93439,0.93465,1.60,1.00
2017.04.18 02:19:55.248,0.93437,0.93463,1.00,1.00
2017.04.18 02:19:55.298,0.93437,0.93463,1.00,1.60
2017.04.18 02:19:55.349,0.93435,0.93462,1.00,1.35
2017.04.18 02:19:55.399,0.93435,0.93459,1.00,1.00
2017.04.18 02:19:55.705,0.93431,0.93457,1.00,1.00
2017.04.18 02:20:00.130,0.93431,0.93457,1.00,1.60
2017.04.18 02:20:00.758,0.9343,0.93455,1.00,1.00
2017.04.18 02:20:01.475,0.93431,0.93455,1.00,1.00
2017.04.18 02:20:02.146,0.93432,0.93457,1.00,1.60
2017.04.18 02:20:02.847,0.93433,0.93457,1.00,1.60
2017.04.18 02:20:03.348,0.93432,0.93456,1.00,1.35
2017.04.18 02:20:03.939,0.9343,0.93456,1.00,1.35
2017.04.18 02:20:04.904,0.9343,0.93455,1.00,1.00
2017.04.18 02:20:05.920,0.93431,0.93455,1.00,1.00
2017.04.18 02:20:09.994,0.9343,0.93457,1.00,1.60
2017.04.18 02:20:10.825,0.93431,0.93455,1.00,1.00
2017.04.18 02:20:11.592,0.93429,0.93455,1.00,1.00
2017.04.18 02:20:15.418,0.93428,0.93455,1.00,1.00
2017.04.18 02:20:16.841,0.9343,0.93454,1.00,1.00
2017.04.18 02:20:17.877,0.93429,0.93456,1.00,1.00
2017.04.18 02:20:18.878,0.9343,0.93456,1.00,1.00
2017.04.18 02:20:26.121,0.93429,0.93456,1.00,1.00
2017.04.18 02:20:26.644,0.93431,0.93456,1.00,1.00
2017.04.18 02:20:28.306,0.9343,0.93454,1.00,1.00
2017.04.18 02:20:29.869,0.93431,0.93456,1.00,1.00
2017.04.18 02:20:37.890,0.93433,0.93457,1.00,1.00
2017.04.18 02:20:40.771,0.93431,0.93456,1.00,1.00
2017.04.18 02:20:44.111,0.93429,0.93454,1.00,1.00
2017.04.18 02:20:48.438,0.9343,0.93454,1.00,1.00
2017.04.18 02:20:54.024,0.93431,0.93455,1.00,1.00
2017.04.18 02:20:56.181,0.93431,0.93456,1.00,1.00
2017.04.18 02:20:56.682,0.9343,0.93455,1.00,1.00
2017.04.18 02:21:00.617,0.93427,0.93453,1.60,1.00
2017.04.18 02:21:00.920,0.93426,0.93451,1.00,1.00
2017.04.18 02:21:01.618,0.93425,0.9345,1.00,1.00
2017.04.18 02:21:01.743,0.93426,0.93453,1.00,1.00
2017.04.18 02:21:02.874,0.93427,0.93453,1.00,1.00
2017.04.18 02:21:03.830,0.93428,0.93453,1.00,1.00
2017.04.18 02:21:05.086,0.9343,0.93454,1.00,1.00
2017.04.18 02:21:05.614,0.9343,0.93455,1.00,1.00
2017.04.18 02:21:07.235,0.93429,0.93454,1.00,1.00
2017.04.18 02:21:07.601,0.93431,0.93455,1.00,1.00
2017.04.18 02:21:07.833,0.93429,0.93454,1.00,1.00
2017.04.18 02:21:10.777,0.93428,0.93453,1.00,1.00
2017.04.18 02:21:11.779,0.93429,0.93453,1.00,1.00
2017.04.18 02:21:12.049,0.93427,0.93453,1.00,1.00
2017.04.18 02:21:12.200,0.93425,0.93451,1.00,1.00
2017.04.18 02:21:12.781,0.93423,0.9345,1.00,1.00
2017.04.18 02:21:13.839,0.93423,0.93449,1.00,1.00
2017.04.18 02:21:14.414,0.93425,0.9345,1.00,1.00
2017.04.18 02:21:18.585,0.93424,0.9345,1.00,1.00
2017.04.18 02:21:19.671,0.93424,0.93448,1.00,1.00
2017.04.18 02:21:20.672,0.93424,0.93449,1.00,1.00
2017.04.18 02:21:24.978,0.93423,0.93448,1.00,1.00
2017.04.18 02:21:26.241,0.93424,0.93448,1.00,1.00
2017.04.18 02:21:26.742,0.93424,0.9345,1.00,1.00
2017.04.18 02:21:28.509,0.93424,0.93451,1.00,1.00
2017.04.18 02:21:28.610,0.93427,0.93451,1.00,1.00
2017.04.18 02:21:33.528,0.93426,0.93451,1.00,1.00
2017.04.18 02:21:34.484,0.93424,0.93451,1.00,1.00
2017.04.18 02:21:41.270,0.93425,0.93451,1.00,1.00
2017.04.18 02:21:46.421,0.93425,0.93449,1.00,1.00
2017.04.18 02:21:48.077,0.93425,0.93451,1.00,1.00
2017.04.18 02:21:48.985,0.93426,0.93452,1.00,1.00
2017.04.18 02:21:49.086,0.93428,0.93454,1.00,1.60
2017.04.18 02:21:49.911,0.93427,0.93454,1.00,1.60
2017.04.18 02:21:50.413,0.93428,0.93454,1.00,1.60
2017.04.18 02:21:50.497,0.93426,0.93452,1.00,1.00
2017.04.18 02:21:51.066,0.93427,0.93454,1.00,1.60
2017.04.18 02:21:51.580,0.93426,0.93453,1.00,1.35
2017.04.18 02:21:51.885,0.93425,0.93451,1.00,1.00
2017.04.18 02:21:52.194,0.93427,0.93452,1.00,1.00
2017.04.18 02:21:52.909,0.93428,0.93452,1.00,1.00
2017.04.18 02:21:53.270,0.93425,0.93451,1.00,1.00
2017.04.18 02:21:54.515,0.93426,0.93451,1.00,1.00
2017.04.18 02:21:55.046,0.93425,0.93451,1.00,1.00
2017.04.18 02:21:56.062,0.93424,0.9345,1.00,1.00
2017.04.18 02:21:56.566,0.93423,0.93449,1.00,1.00
2017.04.18 02:21:57.486,0.93424,0.9345,1.00,1.00
2017.04.18 02:21:58.837,0.93425,0.93449,1.00,1.00
2017.04.18 02:22:03.745,0.93425,0.9345,1.00,1.00
2017.04.18 02:22:04.571,0.93424,0.93449,1.00,1.00
2017.04.18 02:22:05.993,0.93426,0.9345,1.00,1.00
2017.04.18 02:22:10.308,0.93424,0.93451,1.00,1.00
2017.04.18 02:22:10.459,0.93426,0.93452,1.60,1.00
2017.04.18 02:22:10.510,0.93428,0.93454,1.35,1.00
2017.04.18 02:22:10.734,0.93431,0.93456,1.60,1.00
2017.04.18 02:22:10.785,0.93432,0.93458,1.00,1.00
2017.04.18 02:22:10.936,0.93429,0.93454,1.00,1.00
2017.04.18 02:22:11.244,0.93427,0.93452,1.00,1.00
2017.04.18 02:22:12.233,0.93428,0.93452,1.00,1.00
2017.04.18 02:22:12.856,0.93429,0.93453,1.00,1.00
2017.04.18 02:22:18.116,0.93428,0.93453,1.00,1.00
2017.04.18 02:22:18.635,0.93428,0.93452,1.00,1.00
2017.04.18 02:22:19.220,0.93429,0.93455,1.00,1.00
2017.04.18 02:22:19.525,0.93428,0.93452,1.00,1.00
2017.04.18 02:22:20.023,0.93425,0.93452,1.35,1.00
2017.04.18 02:22:22.377,0.93427,0.93452,1.00,1.00
2017.04.18 02:22:26.360,0.93427,0.93451,1.50,1.00
2017.04.18 02:22:27.980,0.93427,0.93452,1.50,1.00
2017.04.18 02:22:28.030,0.93424,0.93451,1.00,1.00
2017.04.18 02:22:28.131,0.93426,0.93451,1.00,1.00
2017.04.18 02:22:28.665,0.93426,0.9345,1.00,1.00
2017.04.18 02:22:29.610,0.93425,0.9345,1.00,1.00
2017.04.18 02:22:30.413,0.93424,0.9345,1.00,1.00
2017.04.18 02:22:30.574,0.93424,0.93452,1.00,1.00
2017.04.18 02:22:30.624,0.93427,0.93452,1.00,1.00
2017.04.18 02:22:30.852,0.93424,0.93452,1.00,1.00
2017.04.18 02:22:30.953,0.93427,0.93452,1.00,1.00
2017.04.18 02:22:31.537,0.93424,0.93452,1.00,1.00
2017.04.18 02:22:32.184,0.93425,0.93451,1.00,1.00
2017.04.18 02:22:32.795,0.93424,0.9345,1.00,1.00
2017.04.18 02:22:33.198,0.93426,0.93452,1.00,1.00
2017.04.18 02:22:33.406,0.93424,0.93451,1.00,1.00
2017.04.18 02:22:33.924,0.93425,0.93452,1.00,1.00
2017.04.18 02:22:34.125,0.93428,0.93452,1.00,1.00
2017.04.18 02:22:34.377,0.93425,0.93452,1.35,1.00
2017.04.18 02:22:34.528,0.93427,0.93452,1.00,1.00
2017.04.18 02:22:34.579,0.93427,0.93454,1.50,1.00
2017.04.18 02:22:34.863,0.93424,0.93453,1.35,1.00
2017.04.18 02:22:35.087,0.93428,0.93453,1.00,1.00
2017.04.18 02:22:35.137,0.93428,0.93455,1.00,1.35
2017.04.18 02:22:35.284,0.93426,0.93455,1.00,1.35
2017.04.18 02:22:35.485,0.93426,0.93453,1.00,1.00
2017.04.18 02:22:35.988,0.93427,0.93454,1.00,1.00
2017.04.18 02:22:36.327,0.93429,0.93456,1.00,1.35
2017.04.18 02:22:37.157,0.9343,0.93457,1.00,1.60
2017.04.18 02:22:37.833,0.9343,0.93457,1.00,1.00
2017.04.18 02:22:38.430,0.9343,0.93458,1.00,1.00
2017.04.18 02:22:39.421,0.93432,0.93458,1.00,1.00
2017.04.18 02:22:40.283,0.93431,0.93457,1.00,1.00
2017.04.18 02:22:45.857,0.93429,0.93457,1.35,1.00
2017.04.18 02:22:46.393,0.9343,0.93456,1.00,1.00
2017.04.18 02:22:47.677,0.9343,0.93454,1.00,1.00
2017.04.18 02:22:48.422,0.93429,0.93453,1.00,1.00
2017.04.18 02:22:48.950,0.93428,0.93453,1.00,1.00
2017.04.18 02:22:50.561,0.93428,0.93454,1.00,1.00
2017.04.18 02:22:56.420,0.93429,0.93454,1.00,1.00
2017.04.18 02:23:00.409,0.93431,0.93455,1.00,1.00
2017.04.18 02:23:00.460,0.93432,0.93457,1.00,1.00
2017.04.18 02:23:00.511,0.93434,0.93458,1.00,1.00
2017.04.18 02:23:00.612,0.93436,0.93463,1.00,1.00
2017.04.18 02:23:00.863,0.93438,0.93465,1.00,1.00
2017.04.18 02:23:01.410,0.93441,0.93466,1.00,1.35
2017.04.18 02:23:01.976,0.93442,0.93468,1.00,1.00
2017.04.18 02:23:02.091,0.9344,0.93467,1.00,1.00
2017.04.18 02:23:02.602,0.93442,0.93467,1.00,1.00
2017.04.18 02:23:03.603,0.93441,0.93467,1.00,1.00
2017.04.18 02:23:04.604,0.93442,0.93468,1.00,1.00
2017.04.18 02:23:05.409,0.93443,0.93468,1.00,1.00
2017.04.18 02:23:05.512,0.93444,0.93471,1.00,1.35
2017.04.18 02:23:06.517,0.93445,0.93469,1.00,1.00
2017.04.18 02:23:06.890,0.93446,0.93471,1.00,1.00
2017.04.18 02:23:07.041,0.93449,0.93474,1.00,1.00
2017.04.18 02:23:09.325,0.93451,0.93475,1.00,1.00
2017.04.18 02:23:09.490,0.93449,0.93475,1.00,1.00
2017.04.18 02:23:09.540,0.93449,0.93473,1.00,1.00
2017.04.18 02:23:09.882,0.93447,0.93471,1.00,1.00
2017.04.18 02:23:10.126,0.93448,0.93473,1.00,1.00
2017.04.18 02:23:11.000,0.93448,0.93474,1.00,1.00
2017.04.18 02:23:11.685,0.93447,0.93473,1.00,1.00
2017.04.18 02:23:11.887,0.93447,0.93471,1.00,1.00
2017.04.18 02:23:11.938,0.93449,0.93474,1.00,1.00
2017.04.18 02:23:12.907,0.93449,0.93473,1.00,1.00
2017.04.18 02:23:13.061,0.93447,0.93474,1.00,1.00
2017.04.18 02:23:18.738,0.93449,0.93473,1.00,1.00
2017.04.18 02:23:22.401,0.93447,0.93472,1.00,1.00
2017.04.18 02:23:22.701,0.93446,0.9347,1.00,1.00
2017.04.18 02:23:23.144,0.93444,0.9347,1.00,1.00
2017.04.18 02:23:23.245,0.93443,0.93467,1.00,1.00
2017.04.18 02:23:23.601,0.93441,0.93465,1.00,1.00
2017.04.18 02:23:27.689,0.9344,0.93464,1.00,1.00
2017.04.18 02:23:28.265,0.93439,0.93463,1.00,1.00
2017.04.18 02:23:28.773,0.93439,0.93465,1.00,1.00
2017.04.18 02:23:33.768,0.93439,0.93463,1.00,1.00
2017.04.18 02:23:35.724,0.9344,0.93466,1.00,1.00
2017.04.18 02:23:39.343,0.93438,0.93465,1.00,1.00
2017.04.18 02:23:39.444,0.93438,0.93463,1.00,1.00
2017.04.18 02:23:40.429,0.93437,0.93463,1.00,1.00
2017.04.18 02:23:41.574,0.93438,0.93463,1.00,1.00
2017.04.18 02:23:43.688,0.93439,0.93465,1.00,1.00
2017.04.18 02:23:44.626,0.93439,0.93463,1.00,1.00
2017.04.18 02:23:44.933,0.93441,0.93465,1.00,1.00
2017.04.18 02:23:45.810,0.93442,0.93467,1.00,1.00
2017.04.18 02:23:47.609,0.93444,0.9347,1.00,1.00
2017.04.18 02:23:47.774,0.93446,0.93472,1.00,1.00
2017.04.18 02:23:48.076,0.93445,0.9347,1.00,1.00
2017.04.18 02:23:48.562,0.9344,0.93467,1.00,1.00
2017.04.18 02:23:51.818,0.93439,0.93464,1.00,1.00
2017.04.18 02:23:52.994,0.9344,0.93466,1.00,1.00
2017.04.18 02:23:56.558,0.93439,0.93465,1.00,1.00
2017.04.18 02:23:56.811,0.9344,0.93467,1.00,1.00
2017.04.18 02:24:03.827,0.93441,0.93467,1.00,1.00
2017.04.18 02:24:08.565,0.9344,0.93464,1.00,1.00
2017.04.18 02:24:09.526,0.93441,0.93465,1.00,1.00
2017.04.18 02:24:13.547,0.9344,0.93464,1.00,1.00
2017.04.18 02:24:14.511,0.93438,0.93465,1.00,1.00
2017.04.18 02:24:18.084,0.93438,0.93462,1.00,1.00
2017.04.18 02:24:18.521,0.93436,0.9346,1.00,1.00
2017.04.18 02:24:19.431,0.93437,0.93461,1.00,1.00
2017.04.18 02:24:26.042,0.93437,0.93463,1.00,1.00
2017.04.18 02:24:27.101,0.93437,0.93464,1.00,1.35
2017.04.18 02:24:27.857,0.93439,0.93463,1.00,1.00
2017.04.18 02:24:28.368,0.9344,0.93464,1.00,1.35
2017.04.18 02:24:28.520,0.93437,0.93464,1.00,1.35
2017.04.18 02:24:28.725,0.9344,0.93464,1.00,1.35
2017.04.18 02:24:28.826,0.93437,0.93464,1.00,1.00
2017.04.18 02:24:28.993,0.93439,0.93465,1.00,1.00
2017.04.18 02:24:29.395,0.93439,0.93467,1.00,1.00
2017.04.18 02:24:29.446,0.93438,0.93464,1.00,1.00
2017.04.18 02:24:29.959,0.93439,0.93465,1.00,1.00
2017.04.18 02:24:30.544,0.93438,0.93464,1.00,1.00
2017.04.18 02:24:30.595,0.93439,0.93466,1.00,1.00
2017.04.18 02:24:31.781,0.9344,0.93465,1.00,1.00
2017.04.18 02:24:33.401,0.9344,0.93466,1.00,1.00
2017.04.18 02:24:35.719,0.93441,0.93465,1.00,1.00
2017.04.18 02:24:42.131,0.93439,0.93465,1.00,1.00
2017.04.18 02:24:44.796,0.93441,0.93465,1.00,1.00
2017.04.18 02:24:48.917,0.93441,0.93466,1.00,1.00
2017.04.18 02:24:54.200,0.93442,0.93466,1.00,1.00
2017.04.18 02:25:03.448,0.93441,0.93466,1.00,1.00
2017.04.18 02:25:04.449,0.93441,0.93465,1.00,1.00
2017.04.18 02:25:08.535,0.9344,0.93464,1.00,1.00
2017.04.18 02:25:09.337,0.93438,0.93464,1.00,1.00
2017.04.18 02:25:09.388,0.9344,0.93464,1.00,1.00
2017.04.18 02:25:09.838,0.93438,0.93462,1.00,1.00
2017.04.18 02:25:10.606,0.93437,0.93464,1.00,1.00
2017.04.18 02:25:12.194,0.93439,0.93463,1.00,1.00
2017.04.18 02:25:12.772,0.93437,0.93463,1.00,1.00
2017.04.18 02:25:12.936,0.93439,0.93463,1.00,1.00
2017.04.18 02:25:13.252,0.93437,0.93463,1.00,1.00
2017.04.18 02:25:15.019,0.93437,0.93462,1.00,1.00
2017.04.18 02:25:15.070,0.93437,0.93464,1.00,1.00
2017.04.18 02:25:15.412,0.9344,0.93464,1.00,1.00
2017.04.18 02:25:16.320,0.9344,0.93465,1.00,1.00
2017.04.18 02:25:18.478,0.9344,0.93464,1.00,1.00
2017.04.18 02:25:27.223,0.93439,0.93464,1.00,1.00
2017.04.18 02:25:30.360,0.9344,0.93464,1.00,1.00
2017.04.18 02:25:30.411,0.9344,0.93467,1.00,1.35
2017.04.18 02:25:30.511,0.9344,0.93464,1.00,1.00
2017.04.18 02:25:33.508,0.9344,0.93465,1.00,1.00
2017.04.18 02:25:34.558,0.93439,0.93465,1.00,1.00
2017.04.18 02:25:35.310,0.93439,0.93464,1.00,1.00
2017.04.18 02:25:36.716,0.93439,0.93465,1.00,1.00
2017.04.18 02:25:38.421,0.9344,0.93465,1.00,1.00
2017.04.18 02:25:45.537,0.93439,0.93464,1.00,1.00
2017.04.18 02:25:56.940,0.93438,0.93463,1.00,1.00
2017.04.18 02:25:57.248,0.93437,0.93461,1.00,1.00
2017.04.18 02:25:58.088,0.93437,0.93462,1.00,1.00
2017.04.18 02:25:58.963,0.93437,0.93461,1.00,1.00
2017.04.18 02:26:01.812,0.93435,0.9346,1.00,1.00
2017.04.18 02:26:01.862,0.93434,0.93458,1.00,1.00
2017.04.18 02:26:02.349,0.9343,0.93457,1.00,1.00
2017.04.18 02:26:04.861,0.9343,0.93455,1.00,1.00
2017.04.18 02:26:05.820,0.93431,0.93456,1.00,1.00
2017.04.18 02:26:12.314,0.93429,0.93456,1.00,1.00
2017.04.18 02:26:15.933,0.93429,0.93454,1.00,1.00
2017.04.18 02:26:18.798,0.93428,0.93453,1.50,1.00
2017.04.18 02:26:30.410,0.9343,0.93457,1.00,1.00
2017.04.18 02:26:30.511,0.93428,0.93454,1.00,1.00
2017.04.18 02:26:31.060,0.9343,0.93456,1.00,1.00
2017.04.18 02:26:32.894,0.9343,0.93455,1.00,1.00
2017.04.18 02:26:34.129,0.93429,0.93454,1.00,1.00
2017.04.18 02:26:35.350,0.93427,0.93454,1.50,1.00
2017.04.18 02:26:35.400,0.93427,0.93452,1.00,1.00
2017.04.18 02:26:36.305,0.93426,0.93452,1.00,1.00
2017.04.18 02:26:41.244,0.93425,0.9345,1.00,1.00
2017.04.18 02:26:52.691,0.93423,0.93448,1.00,1.00
2017.04.18 02:26:53.010,0.93421,0.93446,1.00,1.00
2017.04.18 02:26:53.966,0.93421,0.93445,1.00,1.00
2017.04.18 02:26:56.902,0.9342,0.93445,1.00,1.00
2017.04.18 02:26:57.514,0.93421,0.93446,1.00,1.00
2017.04.18 02:27:00.083,0.93419,0.93445,1.00,1.00
2017.04.18 02:27:00.510,0.93421,0.93446,1.00,1.00
2017.04.18 02:27:00.611,0.93422,0.93449,1.00,1.60
2017.04.18 02:27:00.712,0.9342,0.93447,1.00,1.00
2017.04.18 02:27:02.014,0.93423,0.93447,1.00,1.00
2017.04.18 02:27:03.688,0.93423,0.93446,1.00,1.00
2017.04.18 02:27:04.689,0.93423,0.93448,1.00,1.35
2017.04.18 02:27:05.517,0.93421,0.93448,1.00,1.35
2017.04.18 02:27:08.581,0.93423,0.93449,1.00,1.60
2017.04.18 02:27:09.304,0.93422,0.93447,1.00,1.00
2017.04.18 02:27:10.151,0.93423,0.9345,1.00,1.60
2017.04.18 02:27:11.447,0.93422,0.93446,1.00,1.00
2017.04.18 02:27:11.626,0.9342,0.93451,1.00,1.00
2017.04.18 02:27:11.770,0.93424,0.93452,1.00,2.10
2017.04.18 02:27:12.879,0.93425,0.93456,1.00,2.85
2017.04.18 02:27:13.297,0.93428,0.93453,1.00,1.35
2017.04.18 02:27:14.545,0.93427,0.93452,1.00,1.00
2017.04.18 02:27:19.218,0.93425,0.93452,1.00,1.00
2017.04.18 02:27:26.825,0.93425,0.93451,1.00,1.00
2017.04.18 02:27:27.462,0.93425,0.93452,1.00,1.00
2017.04.18 02:27:32.196,0.93426,0.93453,1.00,1.35
2017.04.18 02:27:32.705,0.93426,0.93451,1.00,1.00
2017.04.18 02:27:34.662,0.93428,0.93453,1.00,1.00
2017.04.18 02:27:34.713,0.93429,0.93456,1.60,1.00
2017.04.18 02:27:34.763,0.93432,0.93458,1.00,1.00
2017.04.18 02:27:34.864,0.93435,0.93462,1.00,1.00
2017.04.18 02:27:36.915,0.93437,0.93464,1.00,1.00
2017.04.18 02:27:40.264,0.93437,0.93461,1.00,1.00
2017.04.18 02:27:40.315,0.93439,0.93464,1.00,1.00
2017.04.18 02:27:40.644,0.93441,0.93468,1.00,1.00
2017.04.18 02:27:40.795,0.93444,0.93469,1.00,1.00
2017.04.18 02:27:42.492,0.93444,0.93468,1.00,1.00
2017.04.18 02:27:43.226,0.93444,0.93471,1.00,1.00
2017.04.18 02:27:49.279,0.93446,0.93471,1.00,1.00
2017.04.18 02:27:54.438,0.93445,0.9347,1.00,1.00
2017.04.18 02:27:59.517,0.93446,0.93473,1.00,1.00
2017.04.18 02:27:59.817,0.93446,0.93471,1.00,1.00
2017.04.18 02:28:12.465,0.93444,0.93471,1.00,1.00
2017.04.18 02:28:18.837,0.93444,0.9347,1.00,1.00
2017.04.18 02:28:32.495,0.93443,0.9347,1.00,1.00
2017.04.18 02:28:32.596,0.93443,0.9347,1.00,1.60
2017.04.18 02:28:45.217,0.93442,0.93467,1.00,1.00
2017.04.18 02:28:48.897,0.93443,0.93468,1.00,1.35
2017.04.18 02:28:54.287,0.9344,0.93466,1.00,1.00
2017.04.18 02:28:54.338,0.93439,0.93464,1.00,1.00
2017.04.18 02:28:55.262,0.93437,0.93464,1.00,1.00
2017.04.18 02:29:02.058,0.93436,0.93463,1.35,1.00
2017.04.18 02:29:09.714,0.93437,0.93461,1.00,1.00
2017.04.18 02:29:12.672,0.93437,0.93462,1.00,1.00
2017.04.18 02:29:46.010,0.93434,0.93461,1.00,1.00
2017.04.18 02:29:46.112,0.93433,0.93459,1.00,1.00
2017.04.18 02:29:47.979,0.93431,0.93458,1.00,1.00
2017.04.18 02:29:51.239,0.93433,0.9346,1.35,1.00
2017.04.18 02:29:57.261,0.93434,0.9346,1.00,1.00
2017.04.18 02:29:58.261,0.93433,0.9346,1.35,1.00
2017.04.18 02:30:01.985,0.93435,0.93461,1.00,1.00
2017.04.18 02:30:02.592,0.93437,0.93464,1.00,1.00
2017.04.18 02:30:02.743,0.93439,0.93464,1.00,1.00
2017.04.18 02:30:03.290,0.9344,0.93465,1.00,1.00
2017.04.18 02:30:10.392,0.93439,0.93464,1.00,1.00
2017.04.18 02:30:12.792,0.93439,0.93466,1.00,1.00
2017.04.18 02:30:15.677,0.93438,0.93465,1.00,1.00
2017.04.18 02:30:17.693,0.93439,0.93466,1.00,1.60
2017.04.18 02:30:18.580,0.93439,0.93466,1.00,1.00
2017.04.18 02:30:18.682,0.93442,0.93466,1.00,1.00
2017.04.18 02:30:19.682,0.9344,0.93467,1.00,1.00
2017.04.18 02:30:51.590,0.9344,0.93465,1.00,1.00
2017.04.18 02:30:55.224,0.93441,0.93466,1.00,1.00
2017.04.18 02:30:56.630,0.93439,0.93466,1.00,1.00
2017.04.18 02:30:56.680,0.93439,0.93464,1.00,1.00
2017.04.18 02:30:57.656,0.93439,0.93466,1.00,1.00
2017.04.18 02:31:00.103,0.93441,0.93466,1.00,1.00
2017.04.18 02:31:00.410,0.93445,0.9347,1.00,1.00
2017.04.18 02:31:01.238,0.93444,0.93469,1.00,1.00
2017.04.18 02:31:04.047,0.93445,0.93469,1.00,1.00
2017.04.18 02:31:04.314,0.93443,0.9347,1.00,1.00
2017.04.18 02:31:05.224,0.93443,0.93468,1.00,1.00
2017.04.18 02:31:05.501,0.93443,0.9347,1.00,1.00
2017.04.18 02:31:08.052,0.93444,0.93471,1.00,1.00
2017.04.18 02:31:14.103,0.93446,0.9347,1.00,1.00
2017.04.18 02:31:14.154,0.93443,0.93468,1.00,1.00
2017.04.18 02:31:14.510,0.9344,0.93465,1.35,1.00
2017.04.18 02:31:15.080,0.93443,0.93465,1.00,1.00
2017.04.18 02:31:21.759,0.9344,0.93465,1.00,1.00
2017.04.18 02:31:21.810,0.93437,0.93464,1.50,1.35
2017.04.18 02:31:21.860,0.93437,0.93462,1.00,1.00
2017.04.18 02:31:22.195,0.93443,0.93462,1.00,1.00
2017.04.18 02:31:22.807,0.93442,0.93462,1.00,1.00
2017.04.18 02:31:23.715,0.93438,0.93462,1.00,1.00
2017.04.18 02:31:24.810,0.93438,0.9346,1.00,1.00
2017.04.18 02:31:28.515,0.93435,0.9346,1.00,1.00
2017.04.18 02:31:29.652,0.93434,0.93459,1.00,1.00
2017.04.18 02:31:31.634,0.93433,0.93459,1.35,1.00
2017.04.18 02:31:32.160,0.93434,0.9346,1.00,1.00
2017.04.18 02:31:33.621,0.93436,0.9346,1.00,1.00
2017.04.18 02:31:34.576,0.93435,0.9346,1.00,1.00
2017.04.18 02:31:35.788,0.93435,0.93459,1.00,1.00
2017.04.18 02:31:36.694,0.93434,0.93459,1.00,1.00
2017.04.18 02:31:42.635,0.93436,0.93462,1.00,1.00
2017.04.18 02:31:42.736,0.93435,0.9346,1.00,1.00
2017.04.18 02:31:42.938,0.93428,0.93454,1.00,1.00
2017.04.18 02:31:43.144,0.93428,0.9345,1.00,1.00
2017.04.18 02:31:43.355,0.93425,0.9345,1.00,1.00
2017.04.18 02:31:43.688,0.93423,0.93447,1.00,1.00
2017.04.18 02:31:44.236,0.93424,0.9345,1.00,1.00
2017.04.18 02:31:45.831,0.93423,0.93448,1.00,1.00
2017.04.18 02:31:46.320,0.93425,0.9345,1.00,1.00
2017.04.18 02:31:49.696,0.93428,0.93451,1.00,1.00
2017.04.18 02:31:50.201,0.93428,0.93449,1.00,1.00
2017.04.18 02:31:50.353,0.93428,0.93451,1.00,1.00
2017.04.18 02:31:51.121,0.93424,0.93451,1.00,1.00
2017.04.18 02:31:51.504,0.93423,0.93448,1.00,1.00
2017.04.18 02:31:51.844,0.93428,0.93448,1.00,1.00
2017.04.18 02:31:52.015,0.93428,0.93451,1.00,1.00
2017.04.18 02:31:52.658,0.93424,0.93451,1.00,1.00
2017.04.18 02:31:53.374,0.93425,0.93451,1.00,1.00
2017.04.18 02:31:53.942,0.93427,0.93452,1.50,1.00
2017.04.18 02:31:54.313,0.93425,0.93451,1.00,1.00
2017.04.18 02:31:57.500,0.93425,0.93452,1.00,1.00
2017.04.18 02:32:02.022,0.93427,0.93453,1.00,1.00
2017.04.18 02:32:02.277,0.93425,0.93452,1.00,1.00
2017.04.18 02:32:02.327,0.93425,0.93449,1.00,1.00
2017.04.18 02:32:02.630,0.93427,0.93447,1.00,1.00
2017.04.18 02:32:02.877,0.93427,0.9345,1.00,1.00
2017.04.18 02:32:03.252,0.93425,0.9345,1.00,1.00
2017.04.18 02:32:03.755,0.93428,0.9345,1.00,1.00
2017.04.18 02:32:04.242,0.93423,0.9345,1.00,1.00
2017.04.18 02:32:04.342,0.93423,0.93448,1.00,1.00
2017.04.18 02:32:07.457,0.93423,0.93446,1.00,1.00
2017.04.18 02:32:08.119,0.93423,0.93447,1.00,1.00
2017.04.18 02:32:08.766,0.93423,0.93449,1.00,1.00
2017.04.18 02:32:10.458,0.93423,0.93448,1.00,1.00
2017.04.18 02:32:13.032,0.93423,0.93449,1.00,1.00
2017.04.18 02:32:15.044,0.93427,0.93449,1.00,1.00
2017.04.18 02:32:15.551,0.93423,0.93449,1.50,1.00
2017.04.18 02:32:15.602,0.93423,0.93447,1.50,1.00
2017.04.18 02:32:22.660,0.93428,0.93447,1.00,1.00
2017.04.18 02:32:22.762,0.93422,0.93447,1.50,1.00
2017.04.18 02:32:23.130,0.93428,0.93447,1.00,1.00
2017.04.18 02:32:25.688,0.93428,0.93448,1.00,1.00
2017.04.18 02:32:26.673,0.93428,0.93449,1.00,1.00
2017.04.18 02:32:26.959,0.93428,0.93451,1.00,1.00
2017.04.18 02:32:27.281,0.93427,0.93448,1.00,1.00
2017.04.18 02:32:28.263,0.93427,0.9345,1.00,1.00
2017.04.18 02:32:29.513,0.93428,0.9345,1.00,1.00
2017.04.18 02:32:30.313,0.93427,0.9345,1.00,1.00
2017.04.18 02:32:30.613,0.93423,0.9345,1.00,1.00
2017.04.18 02:32:33.742,0.93425,0.93452,1.00,1.00
2017.04.18 02:32:34.044,0.93433,0.93457,1.00,1.00
2017.04.18 02:32:34.246,0.93429,0.93455,1.60,1.00
2017.04.18 02:32:34.401,0.93433,0.93455,1.00,1.00
2017.04.18 02:32:38.317,0.93431,0.93455,1.00,1.00
2017.04.18 02:32:38.606,0.93433,0.93455,1.00,1.00
2017.04.18 02:32:40.591,0.93433,0.93457,1.00,1.00
2017.04.18 02:32:43.092,0.93433,0.93456,1.00,1.00
2017.04.18 02:32:47.515,0.93431,0.93456,1.00,1.00
2017.04.18 02:32:51.147,0.93429,0.93454,1.60,1.00
2017.04.18 02:32:51.197,0.93431,0.93458,1.35,1.00
2017.04.18 02:32:51.248,0.93433,0.9346,1.00,1.00
2017.04.18 02:32:51.568,0.93436,0.93461,1.00,1.00
2017.04.18 02:32:52.116,0.93437,0.93462,1.00,1.00
2017.04.18 02:32:52.637,0.9344,0.93464,1.00,1.00
2017.04.18 02:32:53.019,0.93441,0.93466,1.00,1.00
2017.04.18 02:32:53.511,0.93443,0.93467,1.00,1.00
2017.04.18 02:32:53.703,0.9344,0.93467,1.50,1.00
2017.04.18 02:32:58.122,0.9344,0.93465,1.50,1.00
2017.04.18 02:33:00.458,0.93442,0.93465,1.00,1.00
2017.04.18 02:33:00.994,0.9344,0.93465,1.00,1.00
2017.04.18 02:33:01.139,0.93437,0.93463,2.10,1.00
2017.04.18 02:33:01.447,0.93442,0.93465,1.00,1.00
2017.04.18 02:33:01.974,0.93443,0.93465,1.00,1.00
2017.04.18 02:33:04.443,0.93438,0.93465,1.50,1.00
2017.04.18 02:33:05.714,0.93443,0.93465,1.00,1.00
2017.04.18 02:33:06.372,0.93442,0.93465,1.00,1.00
2017.04.18 02:33:07.815,0.93443,0.93465,1.00,1.00
2017.04.18 02:33:08.164,0.93443,0.93463,1.00,1.00
2017.04.18 02:33:08.442,0.93437,0.93461,1.50,1.00
2017.04.18 02:33:09.570,0.93437,0.93459,1.00,1.00
2017.04.18 02:33:11.037,0.93437,0.93461,1.00,1.00
2017.04.18 02:33:11.730,0.93437,0.93463,1.00,1.00
2017.04.18 02:33:12.677,0.93437,0.93461,1.00,1.00
2017.04.18 02:33:12.929,0.93433,0.93458,1.00,1.00
2017.04.18 02:33:13.712,0.93432,0.93457,1.50,1.00
2017.04.18 02:33:15.491,0.93433,0.93458,1.00,1.00
2017.04.18 02:33:17.607,0.93433,0.9346,1.00,1.00
2017.04.18 02:33:17.708,0.93435,0.9346,1.00,1.00
2017.04.18 02:33:18.157,0.93437,0.9346,1.00,1.00
2017.04.18 02:33:18.310,0.93435,0.9346,1.00,1.00
2017.04.18 02:33:18.413,0.93438,0.9346,1.00,1.00
2017.04.18 02:33:19.072,0.93437,0.93462,1.00,1.00
2017.04.18 02:33:19.223,0.93437,0.93464,1.50,1.00
2017.04.18 02:33:20.181,0.93438,0.93462,1.00,1.00
2017.04.18 02:33:24.817,0.93438,0.93461,1.00,1.00
2017.04.18 02:33:28.181,0.93438,0.93462,1.00,1.00
2017.04.18 02:33:29.726,0.93435,0.93462,1.00,1.00
2017.04.18 02:33:33.374,0.93434,0.9346,1.00,1.00
2017.04.18 02:33:33.771,0.93433,0.93456,1.00,1.00
2017.04.18 02:33:34.050,0.93431,0.93456,1.00,1.00
2017.04.18 02:33:34.214,0.93433,0.93456,1.00,1.00
2017.04.18 02:33:34.915,0.93433,0.93457,1.00,1.00
2017.04.18 02:33:36.775,0.93433,0.93458,1.00,1.00
2017.04.18 02:33:38.744,0.93432,0.93458,1.50,1.00
2017.04.18 02:33:40.193,0.93431,0.93457,1.00,1.00
2017.04.18 02:33:42.047,0.93432,0.93458,1.00,1.00
2017.04.18 02:33:42.554,0.93433,0.93459,1.00,1.00
2017.04.18 02:33:43.006,0.93433,0.93457,1.00,1.00
2017.04.18 02:33:43.665,0.93433,0.93458,1.50,1.00
2017.04.18 02:33:43.967,0.93428,0.93451,1.00,1.00
2017.04.18 02:33:44.711,0.93427,0.93451,1.50,1.00
2017.04.18 02:33:46.656,0.93428,0.93452,1.00,1.00
2017.04.18 02:33:49.997,0.93427,0.93452,1.00,1.00
2017.04.18 02:33:50.240,0.93425,0.93451,1.00,1.00
2017.04.18 02:33:52.475,0.93425,0.9345,1.00,1.00
2017.04.18 02:33:53.669,0.93426,0.9345,1.00,1.00
2017.04.18 02:33:55.200,0.93425,0.93449,1.00,1.00
2017.04.18 02:33:55.728,0.93423,0.93447,1.50,1.00
2017.04.18 02:33:57.692,0.93424,0.93449,1.00,1.00
2017.04.18 02:33:57.916,0.93428,0.93449,1.00,1.00
2017.04.18 02:33:58.197,0.93425,0.93449,1.00,1.00
2017.04.18 02:33:58.666,0.93426,0.93451,1.00,1.00
2017.04.18 02:33:59.053,0.93428,0.93451,1.00,1.00
2017.04.18 02:33:59.398,0.93428,0.93449,1.00,1.00
2017.04.18 02:33:59.448,0.93425,0.93449,1.00,1.00
2017.04.18 02:33:59.549,0.93427,0.93449,1.00,1.00
2017.04.18 02:34:00.461,0.93427,0.93447,1.00,1.00
2017.04.18 02:34:00.618,0.93423,0.93447,1.00,1.00
2017.04.18 02:34:00.718,0.93423,0.93449,1.00,1.00
2017.04.18 02:34:01.125,0.93421,0.93448,1.35,1.00
2017.04.18 02:34:01.229,0.93421,0.93445,1.00,1.00
2017.04.18 02:34:01.532,0.93419,0.93444,1.35,1.00
2017.04.18 02:34:01.829,0.93421,0.93446,1.00,1.00
2017.04.18 02:34:02.081,0.93422,0.93449,1.00,1.00
2017.04.18 02:34:03.439,0.93421,0.93446,1.00,1.00
2017.04.18 02:34:03.838,0.93423,0.93448,1.00,1.00
2017.04.18 02:34:04.532,0.93422,0.93448,1.00,1.00
2017.04.18 02:34:05.533,0.93423,0.93448,1.00,1.00
2017.04.18 02:34:07.324,0.93425,0.93449,1.00,1.00
2017.04.18 02:34:07.425,0.93423,0.9345,1.00,1.00
2017.04.18 02:34:07.623,0.93428,0.9345,1.00,1.00
2017.04.18 02:34:09.108,0.93423,0.9345,1.00,1.00
2017.04.18 02:34:12.770,0.93424,0.93448,1.00,1.00
2017.04.18 02:34:16.551,0.93424,0.93451,1.00,1.00
2017.04.18 02:34:17.627,0.93427,0.93451,1.00,1.00
2017.04.18 02:34:19.556,0.93425,0.93452,1.00,1.00
2017.04.18 02:34:20.559,0.93426,0.93452,1.00,1.00
2017.04.18 02:34:30.231,0.93425,0.93449,1.00,1.00
2017.04.18 02:34:30.282,0.93423,0.93449,1.00,1.00
2017.04.18 02:34:30.483,0.93424,0.93451,1.00,1.00
2017.04.18 02:34:31.381,0.93426,0.93451,1.00,1.00
2017.04.18 02:34:34.586,0.93426,0.9345,1.00,1.00
2017.04.18 02:34:35.979,0.93424,0.9345,1.00,1.00
2017.04.18 02:34:36.029,0.93424,0.93448,1.00,1.00
2017.04.18 02:34:36.354,0.93422,0.93445,1.00,1.00
2017.04.18 02:34:36.977,0.93423,0.93445,1.00,1.00
2017.04.18 02:34:38.266,0.93422,0.93446,1.00,1.00
2017.04.18 02:34:38.814,0.93423,0.93447,1.50,1.00
2017.04.18 02:34:43.331,0.93423,0.93448,1.50,1.00
2017.04.18 02:34:46.051,0.93422,0.93447,1.00,1.00
2017.04.18 02:34:46.663,0.93423,0.93448,1.00,1.00
2017.04.18 02:34:47.204,0.93422,0.93446,1.00,1.00
2017.04.18 02:34:49.616,0.93422,0.93448,1.00,1.00
2017.04.18 02:34:50.619,0.93422,0.93446,1.00,1.00
2017.04.18 02:34:52.996,0.93423,0.93448,1.00,1.00
2017.04.18 02:34:53.097,0.93425,0.93449,1.00,1.00
2017.04.18 02:34:53.663,0.93425,0.9345,1.00,1.00
2017.04.18 02:34:57.862,0.93426,0.9345,1.00,1.00
2017.04.18 02:34:58.383,0.93426,0.93452,1.00,1.00
2017.04.18 02:34:58.534,0.93424,0.9345,1.00,1.00
2017.04.18 02:34:58.836,0.93423,0.93447,1.50,1.00
2017.04.18 02:35:00.709,0.93424,0.9345,1.60,1.00
2017.04.18 02:35:00.860,0.93428,0.93453,1.00,1.00
2017.04.18 02:35:01.257,0.93429,0.93456,1.00,1.00
2017.04.18 02:35:03.241,0.93432,0.93456,1.00,1.00
2017.04.18 02:35:05.996,0.93433,0.93456,1.00,1.00
2017.04.18 02:35:11.401,0.93433,0.93457,1.00,1.00
2017.04.18 02:35:11.703,0.93438,0.93455,1.00,1.00
2017.04.18 02:35:12.061,0.93432,0.93455,1.00,1.00
2017.04.18 02:35:12.617,0.93432,0.93454,1.00,1.00
2017.04.18 02:35:13.394,0.93432,0.93455,1.00,1.00
2017.04.18 02:35:14.437,0.93432,0.93457,1.00,1.00
2017.04.18 02:35:19.679,0.93432,0.93456,1.00,1.00
2017.04.18 02:35:22.548,0.93432,0.93454,1.00,1.00
2017.04.18 02:35:23.095,0.93433,0.93454,1.00,1.00
2017.04.18 02:35:23.603,0.93433,0.93453,1.00,1.00
2017.04.18 02:35:24.111,0.93432,0.93453,1.00,1.00
2017.04.18 02:35:24.748,0.93432,0.93455,1.00,1.00
2017.04.18 02:35:26.267,0.93433,0.93455,1.00,1.00
2017.04.18 02:35:28.425,0.93433,0.93454,1.00,1.00
2017.04.18 02:35:29.322,0.93432,0.93454,1.00,1.00
2017.04.18 02:35:29.858,0.93432,0.93456,1.50,1.00
2017.04.18 02:35:29.959,0.93432,0.93458,1.50,1.00
2017.04.18 02:35:32.881,0.93433,0.93458,1.00,1.00
2017.04.18 02:35:34.710,0.93433,0.93459,1.00,1.00
2017.04.18 02:35:35.711,0.93433,0.93457,1.50,1.00
2017.04.18 02:35:49.534,0.93434,0.93458,1.00,1.00
2017.04.18 02:35:50.018,0.93438,0.93459,1.00,1.00
2017.04.18 02:35:51.376,0.93438,0.93458,1.00,1.00
2017.04.18 02:36:02.601,0.93433,0.93458,1.00,1.00
2017.04.18 02:36:02.761,0.93433,0.93455,1.00,1.00
2017.04.18 02:36:02.811,0.93428,0.93453,1.00,1.00
2017.04.18 02:36:02.862,0.93426,0.9345,1.00,1.00
2017.04.18 02:36:03.203,0.93423,0.93447,1.00,1.00
2017.04.18 02:36:03.820,0.93422,0.93448,1.50,1.00
2017.04.18 02:36:04.760,0.93423,0.93447,1.00,1.00
2017.04.18 02:36:05.828,0.93423,0.93448,1.00,1.00
2017.04.18 02:36:07.617,0.93422,0.93448,1.50,1.00
2017.04.18 02:36:11.732,0.93421,0.93447,1.00,1.00
2017.04.18 02:36:13.416,0.93423,0.93447,1.00,1.00
2017.04.18 02:36:13.716,0.93421,0.93447,1.00,1.00
2017.04.18 02:36:15.012,0.93418,0.93442,1.50,1.00
2017.04.18 02:36:15.113,0.93416,0.93441,1.00,1.00
2017.04.18 02:36:15.264,0.93418,0.93441,1.00,1.00
2017.04.18 02:36:16.217,0.93416,0.93441,1.00,1.00
2017.04.18 02:36:16.535,0.93414,0.9344,1.00,1.00
2017.04.18 02:36:19.008,0.93414,0.93441,1.00,1.00
2017.04.18 02:36:19.309,0.93416,0.93441,1.00,1.00
2017.04.18 02:36:24.659,0.93423,0.93441,1.00,1.00
2017.04.18 02:36:24.709,0.93418,0.93441,1.00,1.00
2017.04.18 02:36:24.860,0.93418,0.93439,1.00,1.00
2017.04.18 02:36:25.369,0.93417,0.93439,1.00,1.00
2017.04.18 02:36:26.034,0.93418,0.93438,1.00,1.00
2017.04.18 02:36:28.132,0.93417,0.93438,1.00,1.00
2017.04.18 02:36:29.501,0.93418,0.93438,1.00,1.00
2017.04.18 02:36:30.316,0.93423,0.93438,1.00,1.00
2017.04.18 02:36:30.454,0.93417,0.93438,1.00,1.00
2017.04.18 02:36:32.461,0.93416,0.93446,1.00,1.00
2017.04.18 02:36:32.512,0.93422,0.93448,1.00,1.00
2017.04.18 02:36:32.562,0.93423,0.9345,1.00,1.00
2017.04.18 02:36:32.843,0.93425,0.93449,1.00,1.00
2017.04.18 02:36:33.723,0.93426,0.93452,1.00,1.00
2017.04.18 02:36:34.547,0.93428,0.93455,1.00,1.00
2017.04.18 02:36:34.597,0.93428,0.93452,1.00,1.00
2017.04.18 02:36:35.379,0.93427,0.93451,1.00,1.00
2017.04.18 02:36:37.567,0.93425,0.93451,1.00,1.00
2017.04.18 02:36:43.073,0.93424,0.93451,1.00,1.00
2017.04.18 02:36:44.076,0.93426,0.9345,1.00,1.00
2017.04.18 02:36:55.185,0.93428,0.93453,1.00,1.00
2017.04.18 02:36:57.212,0.93425,0.93451,1.35,1.00
2017.04.18 02:36:57.313,0.93427,0.93451,1.00,1.00
2017.04.18 02:36:58.605,0.93428,0.93452,1.00,1.00
2017.04.18 02:37:02.324,0.93429,0.93453,1.00,1.00
2017.04.18 02:37:02.693,0.93427,0.93451,1.35,1.00
2017.04.18 02:37:02.907,0.93428,0.93453,1.00,1.00
2017.04.18 02:37:04.007,0.93429,0.93455,1.00,1.00
2017.04.18 02:37:04.979,0.93429,0.93454,1.00,1.00
2017.04.18 02:37:05.080,0.93427,0.93452,1.60,1.00
2017.04.18 02:37:05.667,0.93427,0.93452,1.35,1.00
2017.04.18 02:37:10.283,0.93429,0.93453,1.00,1.00
2017.04.18 02:37:20.420,0.93429,0.93454,1.00,1.00
2017.04.18 02:37:25.812,0.93427,0.93453,1.00,1.00
2017.04.18 02:37:26.387,0.93427,0.93454,1.00,1.00
2017.04.18 02:37:26.813,0.93426,0.93451,1.00,1.00
2017.04.18 02:37:27.348,0.93425,0.9345,1.00,1.00
2017.04.18 02:37:27.861,0.93427,0.93452,1.00,1.00
2017.04.18 02:37:28.864,0.93427,0.93451,1.00,1.00
2017.04.18 02:37:29.045,0.93427,0.93453,1.00,1.00
2017.04.18 02:37:29.722,0.93429,0.93454,1.00,1.00
2017.04.18 02:37:30.676,0.93429,0.93455,1.00,1.00
2017.04.18 02:37:35.484,0.93429,0.93454,1.00,1.00
2017.04.18 02:37:43.729,0.93427,0.93454,1.35,1.00
2017.04.18 02:37:48.251,0.93427,0.93453,1.00,1.00
2017.04.18 02:37:50.480,0.93427,0.93454,1.00,1.00
2017.04.18 02:37:54.266,0.93429,0.93454,1.00,1.00
2017.04.18 02:37:54.317,0.93427,0.93454,1.00,1.00
2017.04.18 02:37:54.368,0.93429,0.93454,1.00,1.00
2017.04.18 02:37:54.678,0.93429,0.93456,1.00,1.00
2017.04.18 02:37:54.829,0.93432,0.93457,1.00,1.00
2017.04.18 02:37:55.464,0.93433,0.93458,1.00,1.00
2017.04.18 02:37:57.050,0.93432,0.93457,1.00,1.00
2017.04.18 02:37:57.372,0.93434,0.93458,1.00,1.00
2017.04.18 02:37:58.118,0.93433,0.9346,1.00,1.00
2017.04.18 02:38:00.491,0.93434,0.93461,1.00,1.00
2017.04.18 02:38:01.267,0.93435,0.93462,1.00,1.00
2017.04.18 02:38:11.125,0.93439,0.93466,1.60,1.00
2017.04.18 02:38:11.800,0.93446,0.93471,1.00,1.00
2017.04.18 02:38:13.812,0.93446,0.93473,1.00,1.00
2017.04.18 02:38:14.011,0.93449,0.93473,1.00,1.00
2017.04.18 02:38:14.437,0.93447,0.93474,1.00,1.00
2017.04.18 02:38:15.349,0.93447,0.93473,1.00,1.00
2017.04.18 02:38:15.688,0.93447,0.93471,1.00,1.00
2017.04.18 02:38:16.052,0.93444,0.93471,1.00,1.00
2017.04.18 02:38:18.617,0.93444,0.93469,1.00,1.00
2017.04.18 02:38:19.414,0.93443,0.93467,1.00,1.00
2017.04.18 02:38:20.384,0.93442,0.93467,1.00,1.00
2017.04.18 02:38:21.436,0.93442,0.93466,1.00,1.00
2017.04.18 02:38:22.133,0.93441,0.93465,1.00,1.00
2017.04.18 02:38:22.385,0.93438,0.93463,1.00,1.00
2017.04.18 02:38:28.229,0.93439,0.93466,1.00,1.00
2017.04.18 02:38:28.279,0.93442,0.93467,1.00,1.00
2017.04.18 02:38:28.793,0.93443,0.93466,1.00,1.00
2017.04.18 02:38:35.570,0.93443,0.93468,1.00,1.00
2017.04.18 02:38:38.019,0.93441,0.93468,1.00,1.00
2017.04.18 02:38:39.186,0.93442,0.93469,1.00,1.00
2017.04.18 02:38:43.813,0.93442,0.93468,1.50,1.00
2017.04.18 02:38:47.183,0.93442,0.93467,1.00,1.00
2017.04.18 02:38:47.439,0.93439,0.93466,1.00,1.00
2017.04.18 02:38:47.571,0.93442,0.93466,1.00,1.00
2017.04.18 02:38:48.138,0.93442,0.93467,1.00,1.00
2017.04.18 02:38:49.010,0.93443,0.93467,1.00,1.00
2017.04.18 02:38:52.517,0.93442,0.93467,1.00,1.00
2017.04.18 02:38:53.024,0.93442,0.93468,1.00,1.00
2017.04.18 02:38:53.713,0.93442,0.93466,1.50,1.00
2017.04.18 02:38:53.823,0.93443,0.93469,1.00,1.00
2017.04.18 02:38:54.075,0.93445,0.93471,1.00,1.00
2017.04.18 02:38:54.716,0.93447,0.93471,1.00,1.00
2017.04.18 02:38:55.520,0.93446,0.93473,1.00,1.00
2017.04.18 02:38:56.538,0.93447,0.93471,1.00,1.00
2017.04.18 02:38:57.180,0.93447,0.93472,1.00,1.00
2017.04.18 02:38:57.936,0.93448,0.93472,1.00,1.00
2017.04.18 02:39:00.311,0.93451,0.93475,1.00,1.00
2017.04.18 02:39:05.361,0.93452,0.93477,1.00,1.00
2017.04.18 02:39:05.462,0.93454,0.93478,1.00,1.00
2017.04.18 02:39:05.659,0.9345,0.93477,1.00,1.00
2017.04.18 02:39:05.881,0.93453,0.93477,1.00,1.00
2017.04.18 02:39:06.052,0.9345,0.93477,1.00,1.00
2017.04.18 02:39:06.309,0.93454,0.93478,1.00,1.00
2017.04.18 02:39:06.410,0.93455,0.9348,1.00,1.00
2017.04.18 02:39:06.611,0.93456,0.93482,1.00,1.00
2017.04.18 02:39:06.764,0.93457,0.93484,1.00,1.00
2017.04.18 02:39:06.815,0.93459,0.93485,1.00,1.00
2017.04.18 02:39:10.330,0.93457,0.93484,1.00,1.00
2017.04.18 02:39:10.431,0.93456,0.9348,1.00,1.00
2017.04.18 02:39:11.377,0.93457,0.93481,1.00,1.00
2017.04.18 02:39:12.353,0.93456,0.93481,1.00,1.00
2017.04.18 02:39:13.517,0.93454,0.9348,1.00,1.00
2017.04.18 02:39:13.568,0.93453,0.93478,1.00,1.00
2017.04.18 02:39:13.945,0.93448,0.93473,1.50,1.00
2017.04.18 02:39:15.112,0.93448,0.93472,1.00,1.00
2017.04.18 02:39:15.213,0.93448,0.93475,1.50,1.00
2017.04.18 02:39:16.198,0.93449,0.93473,1.00,1.00
2017.04.18 02:39:17.479,0.9345,0.93474,1.00,1.00
2017.04.18 02:39:17.821,0.93452,0.93476,1.00,1.00
2017.04.18 02:39:17.979,0.93448,0.93476,1.00,1.00
2017.04.18 02:39:18.395,0.93453,0.93477,1.00,1.00
2017.04.18 02:39:18.793,0.93447,0.93477,1.00,1.00
2017.04.18 02:39:20.171,0.93446,0.93477,1.35,1.00
2017.04.18 02:39:20.221,0.93445,0.93475,1.60,1.00
2017.04.18 02:39:20.524,0.93447,0.93478,1.00,1.00
2017.04.18 02:39:21.029,0.93453,0.93479,1.00,1.00
2017.04.18 02:39:21.315,0.93448,0.93479,2.10,1.00
2017.04.18 02:39:22.038,0.93449,0.93479,1.00,1.00
2017.04.18 02:39:23.658,0.93452,0.93477,1.00,1.00
2017.04.18 02:39:23.860,0.93449,0.93476,1.00,1.00
2017.04.18 02:39:23.912,0.93452,0.93478,1.00,1.00
2017.04.18 02:39:24.012,0.93451,0.9348,1.00,1.00
2017.04.18 02:39:24.566,0.93451,0.93478,1.00,1.00
2017.04.18 02:39:24.616,0.93449,0.9348,1.00,1.00
2017.04.18 02:39:24.841,0.93452,0.93477,1.00,1.00
2017.04.18 02:39:24.961,0.93445,0.93477,1.00,1.00
2017.04.18 02:39:25.012,0.93444,0.93474,1.00,1.00
2017.04.18 02:39:25.314,0.93443,0.93472,2.10,1.00
2017.04.18 02:39:25.626,0.93445,0.93473,1.00,1.00
2017.04.18 02:39:28.904,0.93445,0.93475,1.00,1.00
2017.04.18 02:39:29.160,0.93448,0.93472,1.00,1.00
2017.04.18 02:39:29.928,0.93447,0.93472,1.00,1.00
2017.04.18 02:39:31.045,0.93446,0.93472,1.00,1.00
2017.04.18 02:39:31.191,0.93444,0.93471,1.00,1.00
2017.04.18 02:39:31.292,0.93443,0.93467,2.10,1.00
2017.04.18 02:39:31.544,0.93441,0.93471,1.00,1.00
2017.04.18 02:39:31.745,0.93439,0.9347,1.35,1.00
2017.04.18 02:39:32.156,0.93443,0.93467,1.00,1.00
2017.04.18 02:39:32.461,0.93442,0.9347,1.00,1.00
2017.04.18 02:39:32.815,0.93443,0.93467,1.00,1.00
2017.04.18 02:39:34.673,0.93443,0.93469,1.00,1.00
2017.04.18 02:39:35.401,0.93443,0.93468,1.00,1.00
2017.04.18 02:39:35.665,0.93441,0.93468,1.00,1.00
2017.04.18 02:39:36.618,0.93442,0.93468,1.00,1.00
2017.04.18 02:39:37.554,0.93441,0.93466,1.00,1.00
2017.04.18 02:39:38.066,0.93442,0.93468,1.00,1.00
2017.04.18 02:39:42.290,0.93443,0.93468,1.00,1.00
2017.04.18 02:39:42.865,0.93443,0.93467,1.50,1.00
2017.04.18 02:39:43.933,0.93443,0.93468,1.00,1.00
2017.04.18 02:39:44.326,0.93448,0.93468,1.00,1.00
2017.04.18 02:39:44.461,0.93448,0.9347,1.00,1.00
2017.04.18 02:39:46.495,0.93448,0.93469,1.00,1.00
2017.04.18 02:39:46.594,0.93448,0.93467,1.00,1.00
2017.04.18 02:39:46.772,0.93444,0.93469,1.00,1.00
2017.04.18 02:39:55.709,0.93443,0.93469,1.00,1.00
2017.04.18 02:39:56.074,0.93445,0.93469,1.00,1.00
2017.04.18 02:39:58.566,0.93444,0.93469,1.00,1.00
2017.04.18 02:40:03.134,0.93446,0.9347,1.00,1.00
2017.04.18 02:40:04.633,0.93446,0.93473,1.00,1.00
2017.04.18 02:40:05.683,0.93447,0.93471,1.00,1.00
2017.04.18 02:40:05.750,0.93447,0.93473,1.00,1.00
2017.04.18 02:40:06.645,0.93448,0.93473,1.00,1.00
2017.04.18 02:40:07.614,0.93449,0.93473,1.00,1.00
2017.04.18 02:40:11.279,0.93449,0.93475,1.00,1.00
2017.04.18 02:40:11.431,0.93451,0.93477,1.00,1.00
2017.04.18 02:40:14.935,0.93451,0.93475,1.00,1.00
2017.04.18 02:40:14.986,0.93451,0.93477,1.00,1.00
2017.04.18 02:40:15.504,0.93452,0.93478,1.00,1.00
2017.04.18 02:40:20.279,0.93452,0.93477,1.00,1.00
2017.04.18 02:40:21.280,0.93453,0.93477,1.00,1.00
2017.04.18 02:40:22.972,0.93453,0.93479,1.00,1.00
2017.04.18 02:40:29.024,0.93452,0.93478,1.00,1.00
2017.04.18 02:40:37.777,0.9345,0.93475,1.50,1.00
2017.04.18 02:40:39.650,0.93451,0.93476,1.00,1.00
2017.04.18 02:40:39.716,0.93449,0.93476,1.00,1.00
2017.04.18 02:40:43.553,0.9345,0.93474,1.00,1.00
2017.04.18 02:40:44.555,0.93449,0.93476,1.00,1.00
2017.04.18 02:40:48.541,0.93451,0.93476,1.00,1.00
2017.04.18 02:40:50.385,0.93451,0.93475,1.00,1.00
2017.04.18 02:40:50.839,0.93449,0.93476,1.00,1.00
2017.04.18 02:41:05.869,0.93451,0.93475,1.00,1.00
2017.04.18 02:41:06.872,0.93451,0.93476,1.00,1.00
2017.04.18 02:41:09.219,0.93453,0.93478,1.00,1.00
2017.04.18 02:41:10.965,0.93452,0.93477,1.50,1.00
2017.04.18 02:41:12.962,0.93451,0.93475,1.00,1.00
2017.04.18 02:41:13.063,0.93448,0.93473,1.00,1.00
2017.04.18 02:41:13.114,0.93448,0.9347,1.00,1.00
2017.04.18 02:41:13.326,0.93444,0.93468,1.00,1.00
2017.04.18 02:41:14.020,0.93443,0.93467,1.50,1.00
2017.04.18 02:41:23.476,0.93443,0.93468,1.00,1.00
2017.04.18 02:41:27.790,0.93443,0.9347,1.00,1.00
2017.04.18 02:41:27.841,0.93445,0.93469,1.00,1.00
2017.04.18 02:41:28.794,0.93445,0.9347,1.00,1.00
2017.04.18 02:41:30.299,0.93444,0.93471,1.00,1.35
2017.04.18 02:41:30.601,0.93434,0.93461,1.00,1.00
2017.04.18 02:41:31.161,0.93438,0.93461,1.00,1.00
2017.04.18 02:41:31.875,0.93438,0.9346,1.00,1.00
2017.04.18 02:41:35.334,0.93436,0.9346,1.00,1.00
2017.04.18 02:41:35.929,0.93435,0.93462,1.00,1.35
2017.04.18 02:41:39.768,0.93434,0.9346,1.00,1.00
2017.04.18 02:41:40.768,0.93434,0.93459,1.00,1.00
2017.04.18 02:41:43.672,0.93435,0.93459,1.00,1.00
2017.04.18 02:41:44.174,0.93434,0.93459,1.00,1.00
2017.04.18 02:41:47.106,0.93433,0.93459,1.00,1.00
2017.04.18 02:41:47.433,0.93437,0.93461,1.00,1.00
2017.04.18 02:41:47.533,0.93434,0.9346,1.00,1.00
2017.04.18 02:41:47.735,0.93432,0.93459,1.00,1.00
2017.04.18 02:41:48.944,0.93432,0.93456,1.00,1.00
2017.04.18 02:41:48.995,0.9343,0.93457,1.00,1.00
2017.04.18 02:41:50.959,0.93432,0.93456,1.00,1.00
2017.04.18 02:41:59.392,0.93433,0.93457,1.00,1.00
2017.04.18 02:42:19.436,0.93431,0.93457,1.00,1.00
2017.04.18 02:42:19.839,0.93432,0.93459,1.00,1.00
2017.04.18 02:42:19.890,0.93434,0.9346,1.00,1.00
2017.04.18 02:42:28.762,0.93435,0.9346,1.00,1.00
2017.04.18 02:42:29.518,0.93433,0.93457,1.00,1.00
2017.04.18 02:42:29.763,0.93431,0.93457,1.00,1.00
2017.04.18 02:42:30.487,0.93433,0.93457,1.00,1.00
2017.04.18 02:42:31.089,0.93433,0.93459,1.00,1.00
2017.04.18 02:42:36.410,0.9343,0.93454,1.00,1.00
2017.04.18 02:42:36.794,0.93427,0.93451,1.00,1.00
2017.04.18 02:42:37.452,0.93426,0.9345,1.00,1.00
2017.04.18 02:42:38.887,0.93425,0.9345,1.00,1.00
2017.04.18 02:42:43.792,0.93426,0.9345,1.00,1.00
2017.04.18 02:42:44.795,0.93425,0.9345,1.00,1.00
2017.04.18 02:42:49.790,0.93426,0.93451,1.00,1.00
2017.04.18 02:42:50.578,0.93427,0.93451,1.00,1.00
2017.04.18 02:42:53.185,0.93428,0.93452,1.00,1.00
2017.04.18 02:42:53.236,0.93428,0.93454,1.00,1.00
2017.04.18 02:42:53.805,0.93429,0.93453,1.00,1.00
2017.04.18 02:42:54.290,0.93429,0.93455,1.00,1.00
2017.04.18 02:42:55.287,0.93429,0.93456,1.00,1.35
2017.04.18 02:42:55.910,0.93428,0.93454,1.00,1.00
2017.04.18 02:42:56.324,0.93425,0.93451,1.00,1.00
2017.04.18 02:42:58.822,0.93425,0.9345,1.00,1.00
2017.04.18 02:42:59.365,0.93424,0.93449,1.50,1.00
2017.04.18 02:43:00.064,0.93423,0.93449,1.00,1.00
2017.04.18 02:43:01.085,0.93425,0.9345,1.00,1.00
2017.04.18 02:43:02.032,0.93426,0.9345,1.00,1.00
2017.04.18 02:43:03.698,0.93427,0.93453,1.00,1.00
2017.04.18 02:43:05.415,0.93425,0.93452,1.00,1.00
2017.04.18 02:43:06.134,0.93428,0.93452,1.00,1.00
2017.04.18 02:43:06.653,0.93429,0.93453,1.00,1.00
2017.04.18 02:43:11.164,0.93427,0.93453,1.00,1.00
2017.04.18 02:43:17.508,0.93429,0.93454,1.00,1.00
2017.04.18 02:43:24.474,0.93431,0.93455,1.00,1.00
2017.04.18 02:43:26.449,0.93429,0.93454,1.00,1.00
2017.04.18 02:43:27.736,0.93429,0.93453,1.00,1.00
2017.04.18 02:43:28.793,0.93429,0.93454,1.00,1.00
2017.04.18 02:43:29.444,0.93428,0.93453,1.00,1.00
2017.04.18 02:43:35.668,0.93427,0.93453,1.00,1.00
2017.04.18 02:43:41.365,0.93427,0.93451,1.00,1.00
2017.04.18 02:43:43.261,0.93427,0.93454,1.00,1.00
2017.04.18 02:43:43.362,0.93429,0.93453,1.00,1.00
2017.04.18 02:43:43.764,0.93427,0.93454,1.00,1.00
2017.04.18 02:43:44.762,0.93429,0.93453,1.00,1.00
2017.04.18 02:43:48.062,0.93428,0.93452,1.00,1.00
2017.04.18 02:43:48.564,0.93427,0.93452,1.00,1.00
2017.04.18 02:43:50.698,0.93427,0.93453,1.00,1.00
2017.04.18 02:43:53.218,0.93429,0.93454,1.00,1.35
2017.04.18 02:43:53.856,0.93429,0.93453,1.00,1.00
2017.04.18 02:43:55.544,0.9343,0.93454,1.00,1.00
2017.04.18 02:43:55.680,0.93428,0.93454,1.00,1.00
2017.04.18 02:44:00.200,0.93429,0.93455,1.00,1.00
2017.04.18 02:44:00.715,0.93428,0.93455,1.00,1.00
2017.04.18 02:44:03.430,0.93428,0.93454,1.00,1.00
2017.04.18 02:44:05.728,0.93428,0.93453,1.00,1.00
2017.04.18 02:44:09.238,0.93428,0.93454,1.00,1.00
2017.04.18 02:44:09.846,0.93428,0.93452,1.00,1.00
2017.04.18 02:44:10.201,0.93428,0.93454,1.00,1.00
2017.04.18 02:44:14.530,0.93427,0.93454,1.00,1.00
2017.04.18 02:44:14.580,0.93429,0.93453,1.00,1.00
2017.04.18 02:44:15.940,0.93428,0.93452,1.00,1.00
2017.04.18 02:44:16.091,0.93431,0.93457,1.00,1.35
2017.04.18 02:44:16.695,0.93432,0.93458,1.00,1.00
2017.04.18 02:44:19.387,0.93433,0.93459,1.00,1.00
2017.04.18 02:44:20.358,0.93437,0.93462,1.00,1.00
2017.04.18 02:44:20.845,0.93439,0.93463,1.00,1.00
2017.04.18 02:44:26.420,0.93437,0.93464,1.00,1.00
2017.04.18 02:44:26.520,0.93436,0.93461,1.00,1.00
2017.04.18 02:44:26.822,0.93433,0.93457,1.00,1.00
2017.04.18 02:44:27.478,0.93434,0.93458,1.00,1.00
2017.04.18 02:44:27.579,0.93434,0.9346,1.00,1.00
2017.04.18 02:44:27.707,0.93434,0.93458,1.00,1.00
2017.04.18 02:44:28.443,0.93434,0.9346,1.00,1.00
2017.04.18 02:44:29.330,0.93433,0.93459,1.50,1.00
2017.04.18 02:44:30.215,0.93433,0.93458,1.00,1.00
2017.04.18 02:44:31.265,0.93432,0.93457,1.00,1.00
2017.04.18 02:44:31.845,0.93431,0.93456,1.00,1.00
2017.04.18 02:44:35.787,0.93431,0.93457,1.00,1.00
2017.04.18 02:44:36.478,0.9343,0.93454,1.00,1.00
2017.04.18 02:44:36.528,0.9343,0.93456,1.00,1.00
2017.04.18 02:44:36.680,0.93425,0.93449,1.00,1.00
2017.04.18 02:44:37.014,0.93423,0.93447,1.00,1.00
2017.04.18 02:44:38.298,0.93421,0.93446,1.00,1.00
2017.04.18 02:44:44.671,0.93421,0.93447,1.00,1.35
2017.04.18 02:44:46.990,0.93422,0.93449,1.00,1.60
2017.04.18 02:44:47.041,0.93425,0.9345,1.00,1.00
2017.04.18 02:44:47.364,0.93431,0.93455,1.00,1.00
2017.04.18 02:44:48.078,0.93427,0.93453,1.00,1.00
2017.04.18 02:44:48.582,0.93426,0.93453,1.00,1.00
2017.04.18 02:44:48.633,0.93428,0.93454,1.00,1.00
2017.04.18 02:44:48.734,0.9343,0.93457,1.00,1.00
2017.04.18 02:44:49.697,0.93432,0.93458,1.00,1.00
2017.04.18 02:44:50.121,0.93434,0.93459,1.00,1.00
2017.04.18 02:44:50.982,0.93432,0.93459,1.00,1.00
2017.04.18 02:44:51.032,0.93432,0.93457,1.00,1.00
2017.04.18 02:44:51.662,0.93431,0.93457,1.00,1.00
2017.04.18 02:44:54.019,0.93431,0.93455,1.00,1.00
2017.04.18 02:44:54.200,0.93428,0.93455,1.00,1.00
2017.04.18 02:44:55.030,0.93429,0.93453,1.00,1.00
2017.04.18 02:44:58.087,0.93427,0.93453,1.00,1.00
2017.04.18 02:44:58.323,0.9343,0.93455,1.00,1.00
2017.04.18 02:44:59.089,0.93429,0.93455,1.00,1.00
2017.04.18 02:45:00.078,0.9343,0.93455,1.00,1.00
2017.04.18 02:45:01.882,0.93432,0.93456,1.00,1.00
2017.04.18 02:45:04.750,0.93432,0.93458,1.00,1.00
2017.04.18 02:45:05.680,0.93432,0.93456,1.00,1.00
2017.04.18 02:45:05.730,0.93429,0.93457,1.00,1.00
2017.04.18 02:45:05.931,0.9343,0.93455,1.00,1.00
2017.04.18 02:45:06.294,0.93429,0.93453,1.00,1.00
2017.04.18 02:45:06.842,0.9343,0.93456,1.00,1.00
2017.04.18 02:45:07.613,0.93431,0.93455,1.00,1.00
2017.04.18 02:45:11.793,0.93432,0.93456,1.00,1.00
2017.04.18 02:45:13.010,0.93429,0.93454,1.00,1.00
2017.04.18 02:45:13.989,0.9343,0.93454,1.00,1.00
2017.04.18 02:45:14.992,0.9343,0.93455,1.00,1.00
2017.04.18 02:45:15.993,0.9343,0.93456,1.00,1.00
2017.04.18 02:45:18.203,0.93428,0.93453,1.00,1.00
2017.04.18 02:45:20.878,0.93427,0.93453,1.00,1.00
2017.04.18 02:45:21.396,0.93429,0.93453,1.00,1.00
2017.04.18 02:45:27.392,0.93426,0.93453,1.00,1.00
2017.04.18 02:45:28.412,0.93427,0.93451,1.00,1.00
2017.04.18 02:45:28.610,0.93428,0.93453,1.00,1.00
2017.04.18 02:45:29.326,0.93429,0.93455,1.00,1.00
2017.04.18 02:45:29.377,0.9343,0.93457,1.00,1.00
2017.04.18 02:45:30.353,0.93432,0.93456,1.00,1.00
2017.04.18 02:45:31.032,0.93433,0.93458,1.00,1.00
2017.04.18 02:45:35.907,0.93432,0.93458,1.00,1.00
2017.04.18 02:45:38.520,0.93433,0.9346,1.00,1.00
2017.04.18 02:45:44.652,0.93434,0.93458,1.00,1.00
2017.04.18 02:45:50.937,0.93433,0.93458,1.00,1.00
2017.04.18 02:45:59.170,0.93432,0.93457,1.00,1.00
2017.04.18 02:46:01.077,0.93432,0.93456,1.00,1.00
2017.04.18 02:46:05.967,0.9343,0.93457,1.00,1.00
2017.04.18 02:46:06.969,0.93432,0.93456,1.00,1.00
2017.04.18 02:46:11.162,0.93431,0.93456,1.00,1.00
2017.04.18 02:46:11.364,0.93427,0.93453,1.00,1.00
2017.04.18 02:46:13.244,0.93429,0.93453,1.00,1.00
2017.04.18 02:46:13.582,0.93432,0.93456,1.00,1.00
2017.04.18 02:46:14.568,0.9343,0.93457,1.00,1.00
2017.04.18 02:46:14.712,0.93432,0.93457,1.00,1.00
2017.04.18 02:46:19.927,0.93432,0.93458,1.00,1.00
2017.04.18 02:46:20.983,0.9343,0.93457,1.00,1.00
2017.04.18 02:46:21.970,0.93432,0.93456,1.00,1.00
2017.04.18 02:46:22.891,0.93431,0.93455,1.00,1.00
2017.04.18 02:46:24.996,0.93432,0.93456,1.00,1.00
2017.04.18 02:46:25.517,0.93431,0.93455,1.00,1.00
2017.04.18 02:46:25.677,0.93429,0.93456,1.00,1.00
2017.04.18 02:46:30.172,0.93428,0.93454,1.00,1.00
2017.04.18 02:46:30.477,0.93428,0.93452,1.00,1.00
2017.04.18 02:46:33.120,0.93428,0.93454,1.00,1.00
2017.04.18 02:46:36.027,0.93427,0.93454,1.00,1.00
2017.04.18 02:46:36.572,0.93427,0.93452,1.00,1.00
2017.04.18 02:46:37.073,0.93427,0.93453,1.00,1.00
2017.04.18 02:46:37.501,0.93426,0.93451,1.00,1.00
2017.04.18 02:46:42.790,0.93427,0.93451,1.00,1.00
2017.04.18 02:46:42.841,0.93428,0.93453,1.00,1.00
2017.04.18 02:46:43.225,0.93427,0.93451,1.00,1.00
2017.04.18 02:46:43.792,0.93426,0.93451,1.00,1.00
2017.04.18 02:46:44.772,0.93426,0.93453,1.00,1.00
2017.04.18 02:46:45.510,0.93429,0.93453,1.00,1.00
2017.04.18 02:46:45.836,0.93429,0.93455,1.00,1.00
2017.04.18 02:46:46.286,0.93428,0.93452,1.00,1.00
2017.04.18 02:46:46.336,0.93426,0.93452,1.00,1.00
2017.04.18 02:46:47.257,0.93425,0.93452,1.00,1.35
2017.04.18 02:46:50.716,0.93427,0.93452,1.00,1.35
2017.04.18 02:46:51.558,0.93427,0.93451,1.00,1.00
2017.04.18 02:46:54.857,0.93426,0.9345,1.00,1.00
2017.04.18 02:46:55.280,0.93426,0.93452,1.00,1.00
2017.04.18 02:46:56.494,0.93426,0.9345,1.00,1.00
2017.04.18 02:46:58.497,0.93426,0.93452,1.00,1.00
2017.04.18 02:46:59.015,0.93425,0.93451,1.00,1.00
2017.04.18 02:46:59.802,0.93424,0.93451,1.00,1.00
2017.04.18 02:47:01.271,0.93426,0.9345,1.00,1.00
2017.04.18 02:47:01.322,0.93424,0.93451,1.00,1.00
2017.04.18 02:47:02.772,0.93425,0.93451,1.00,1.00
2017.04.18 02:47:03.766,0.93424,0.9345,1.00,1.00
2017.04.18 02:47:04.279,0.93425,0.9345,1.00,1.00
2017.04.18 02:47:04.809,0.93425,0.93451,1.00,1.00
2017.04.18 02:47:05.679,0.93424,0.9345,1.00,1.00
2017.04.18 02:47:05.881,0.93424,0.93452,1.00,1.00
2017.04.18 02:47:06.082,0.93428,0.9345,1.00,1.00
2017.04.18 02:47:06.133,0.93424,0.9345,1.00,1.00
2017.04.18 02:47:06.284,0.93428,0.9345,1.00,1.00
2017.04.18 02:47:06.344,0.93424,0.9345,1.00,1.00
2017.04.18 02:47:06.394,0.93427,0.93453,1.00,1.00
2017.04.18 02:47:07.072,0.93428,0.93453,1.00,1.00
2017.04.18 02:47:07.367,0.93427,0.93455,1.00,1.35
2017.04.18 02:47:13.021,0.93429,0.93455,1.00,1.00
2017.04.18 02:47:16.407,0.93428,0.93455,1.00,1.00
2017.04.18 02:47:17.861,0.9343,0.93454,1.00,1.00
2017.04.18 02:47:18.012,0.93427,0.93455,1.00,1.00
2017.04.18 02:47:19.272,0.93429,0.93453,1.00,1.00
2017.04.18 02:47:19.825,0.93428,0.93453,1.00,1.00
2017.04.18 02:47:20.761,0.93427,0.93451,1.00,1.00
2017.04.18 02:47:20.811,0.93427,0.93453,1.00,1.00
2017.04.18 02:47:21.351,0.93426,0.93452,1.00,1.00
2017.04.18 02:47:26.533,0.93426,0.9345,1.00,1.00
2017.04.18 02:47:26.859,0.93428,0.93452,1.00,1.00
2017.04.18 02:47:28.643,0.93426,0.93451,1.00,1.00
2017.04.18 02:47:31.248,0.93425,0.9345,1.00,1.00
2017.04.18 02:47:31.765,0.93425,0.93449,1.00,1.00
2017.04.18 02:47:31.866,0.93427,0.93451,1.00,1.00
2017.04.18 02:47:32.411,0.93424,0.9345,1.00,1.00
2017.04.18 02:47:32.841,0.93425,0.93452,1.00,1.35
2017.04.18 02:47:36.147,0.93427,0.93451,1.00,1.00
2017.04.18 02:47:37.149,0.93425,0.93452,1.00,1.35
2017.04.18 02:47:37.387,0.93425,0.9345,1.00,1.00
2017.04.18 02:47:38.185,0.93423,0.9345,1.50,1.35
2017.04.18 02:47:38.623,0.93424,0.93448,1.00,1.00
2017.04.18 02:47:43.392,0.93423,0.93448,1.00,1.00
2017.04.18 02:47:44.204,0.93423,0.93449,1.00,1.00
2017.04.18 02:47:44.785,0.93423,0.93447,1.00,1.00
2017.04.18 02:47:45.397,0.93422,0.93449,1.00,1.00
2017.04.18 02:47:51.177,0.93424,0.93448,1.00,1.00
2017.04.18 02:47:52.553,0.93422,0.93448,1.00,1.00
2017.04.18 02:47:55.533,0.93421,0.93445,1.00,1.00
2017.04.18 02:47:58.292,0.93423,0.93447,1.00,1.00
2017.04.18 02:47:59.922,0.93421,0.93447,1.00,1.00
2017.04.18 02:48:00.261,0.93424,0.9345,1.00,1.00
2017.04.18 02:48:00.563,0.93428,0.93452,1.00,1.00
2017.04.18 02:48:00.950,0.9343,0.93454,1.00,1.00
2017.04.18 02:48:01.101,0.93433,0.93458,1.00,1.00
2017.04.18 02:48:01.252,0.93435,0.93459,1.00,1.00
2017.04.18 02:48:01.584,0.93437,0.93461,1.00,1.00
2017.04.18 02:48:01.902,0.93435,0.9346,1.00,1.00
2017.04.18 02:48:02.664,0.93434,0.93459,1.00,1.00
2017.04.18 02:48:03.177,0.93435,0.93459,1.00,1.00
2017.04.18 02:48:05.631,0.93437,0.93461,1.00,1.00
2017.04.18 02:48:09.128,0.93438,0.93462,1.00,1.00
2017.04.18 02:48:09.316,0.93438,0.93465,1.00,1.00
2017.04.18 02:48:09.911,0.93441,0.93465,1.00,1.00
2017.04.18 02:48:11.885,0.93442,0.93467,1.00,1.00
2017.04.18 02:48:12.626,0.93445,0.9347,1.00,1.00
2017.04.18 02:48:12.937,0.93451,0.93476,1.00,1.00
2017.04.18 02:48:13.326,0.93452,0.93479,1.00,1.00
2017.04.18 02:48:13.582,0.93451,0.93477,1.00,1.00
2017.04.18 02:48:14.951,0.93451,0.93478,1.00,1.00
2017.04.18 02:48:15.466,0.9345,0.93477,1.00,1.00
2017.04.18 02:48:15.872,0.93451,0.93475,1.00,1.00
2017.04.18 02:48:16.030,0.93448,0.93474,1.00,1.00
2017.04.18 02:48:16.569,0.93448,0.93473,1.00,1.00
2017.04.18 02:48:21.236,0.93448,0.93472,1.00,1.00
2017.04.18 02:48:21.737,0.93447,0.93472,1.00,1.00
2017.04.18 02:48:22.740,0.93447,0.93471,1.00,1.00
2017.04.18 02:48:24.435,0.93448,0.93472,1.00,1.00
2017.04.18 02:48:29.481,0.93446,0.93473,1.00,1.00
2017.04.18 02:48:30.288,0.93447,0.93474,1.00,1.00
2017.04.18 02:48:31.277,0.93449,0.93473,1.00,1.00
2017.04.18 02:48:36.509,0.93446,0.93473,1.00,1.00
2017.04.18 02:48:43.142,0.93446,0.93472,1.00,1.00
2017.04.18 02:48:45.011,0.93445,0.93472,1.00,1.00
2017.04.18 02:48:46.459,0.93446,0.9347,1.00,1.00
2017.04.18 02:48:48.558,0.93444,0.93469,1.00,1.00
2017.04.18 02:48:49.479,0.93444,0.93468,1.00,1.00
2017.04.18 02:48:51.470,0.93443,0.93468,1.00,1.00
2017.04.18 02:48:52.019,0.93444,0.93468,1.00,1.00
2017.04.18 02:48:52.972,0.93443,0.9347,1.00,1.00
2017.04.18 02:48:59.645,0.93443,0.93469,1.00,1.00
2017.04.18 02:49:00.541,0.93446,0.9347,1.00,1.00
2017.04.18 02:49:01.114,0.93447,0.93471,1.00,1.00
2017.04.18 02:49:01.324,0.93445,0.93471,1.00,1.00
2017.04.18 02:49:01.425,0.93447,0.93471,1.00,1.00
2017.04.18 02:49:06.326,0.93446,0.93471,1.00,1.00
2017.04.18 02:49:07.328,0.93446,0.9347,1.00,1.00
2017.04.18 02:49:14.570,0.93446,0.93471,1.00,1.00
2017.04.18 02:49:15.572,0.93446,0.9347,1.00,1.00
