2014.03.06 09:00:00.243,0.93137,0.93163,1.00,1.38
2014.03.06 09:00:01.034,0.93134,0.93164,1.75,1.38
2014.03.06 09:00:03.817,0.93134,0.93158,1.75,1.00
2014.03.06 09:00:09.396,0.9313,0.93158,1.50,1.00
2014.03.06 09:00:10.646,0.9313,0.93153,1.38,1.00
2014.03.06 09:00:10.856,0.9313,0.93158,1.38,1.00
2014.03.06 09:00:10.957,0.9313,0.93158,1.38,1.00
2014.03.06 09:00:13.725,0.93134,0.93164,1.38,1.00
2014.03.06 09:00:21.087,0.93132,0.93164,1.38,1.88
2014.03.06 09:00:23.908,0.93131,0.93164,1.38,1.88
2014.03.06 09:00:24.116,0.93131,0.93164,1.38,1.88
2014.03.06 09:00:26.798,0.93131,0.93161,1.38,2.10
2014.03.06 09:00:26.899,0.93131,0.93159,1.38,1.35
2014.03.06 09:00:36.656,0.93132,0.93159,1.00,1.73
2014.03.06 09:00:43.116,0.93127,0.93159,2.25,3.23
2014.03.06 09:00:43.166,0.93127,0.93159,2.25,3.23
2014.03.06 09:00:43.836,0.93127,0.93159,1.88,3.23
2014.03.06 09:00:46.036,0.93127,0.93158,2.63,1.98
2014.03.06 09:00:47.006,0.93127,0.93158,2.63,1.98
2014.03.06 09:00:47.522,0.93127,0.93157,1.88,1.73
2014.03.06 09:00:47.886,0.93127,0.93157,1.88,1.73
2014.03.06 09:00:48.435,0.93127,0.93158,2.63,1.98
2014.03.06 09:00:51.156,0.93131,0.93159,1.00,1.73
2014.03.06 09:00:51.207,0.93131,0.93159,1.13,1.73
2014.03.06 09:00:51.415,0.93127,0.93159,1.50,1.73
2014.03.06 09:00:51.769,0.93131,0.93161,1.00,1.50
2014.03.06 09:00:52.355,0.93127,0.93159,1.50,1.38
2014.03.06 09:00:53.865,0.93127,0.93159,2.25,1.38
2014.03.06 09:00:58.489,0.93127,0.93158,3.00,1.00
2014.03.06 09:00:58.790,0.93131,0.93158,1.38,1.13
2014.03.06 09:00:59.875,0.93127,0.93158,2.25,1.38
2014.03.06 09:01:02.065,0.93128,0.93153,1.13,1.00
2014.03.06 09:01:02.235,0.93127,0.93153,3.00,1.00
2014.03.06 09:01:04.185,0.93127,0.93153,2.25,1.00
2014.03.06 09:01:12.077,0.93131,0.93159,1.00,1.88
2014.03.06 09:01:12.196,0.93131,0.93159,1.00,1.88
2014.03.06 09:01:12.444,0.93131,0.93159,1.00,2.48
2014.03.06 09:01:12.665,0.93132,0.93159,1.00,1.38
2014.03.06 09:01:15.046,0.93127,0.93159,1.50,1.88
2014.03.06 09:01:18.715,0.93129,0.93159,1.00,1.38
2014.03.06 09:01:18.959,0.9313,0.93159,1.00,1.38
2014.03.06 09:01:21.097,0.93132,0.93162,1.00,1.38
2014.03.06 09:01:23.884,0.93132,0.93162,1.50,1.35
2014.03.06 09:01:24.886,0.93133,0.93162,1.00,1.35
2014.03.06 09:01:29.784,0.93137,0.93162,1.00,1.98
2014.03.06 09:01:30.137,0.93131,0.9316,1.13,2.48
2014.03.06 09:01:30.188,0.93131,0.9316,1.00,2.48
2014.03.06 09:01:30.339,0.93127,0.93158,1.50,1.98
2014.03.06 09:01:31.035,0.93127,0.93158,1.13,2.10
2014.03.06 09:01:32.126,0.93127,0.93158,1.00,2.10
2014.03.06 09:01:32.657,0.93129,0.93158,1.00,1.50
2014.03.06 09:01:32.707,0.93129,0.93158,1.13,1.50
2014.03.06 09:01:32.926,0.93129,0.93158,1.00,1.50
2014.03.06 09:01:36.544,0.93131,0.93159,1.00,2.05
2014.03.06 09:01:39.294,0.93129,0.93159,1.00,2.48
2014.03.06 09:01:39.373,0.93127,0.93159,1.13,2.48
2014.03.06 09:01:39.424,0.93126,0.93159,1.88,2.48
2014.03.06 09:01:39.784,0.93126,0.93157,1.50,1.13
2014.03.06 09:01:40.678,0.93126,0.93157,1.50,1.13
2014.03.06 09:01:43.114,0.93126,0.93154,1.50,2.48
2014.03.06 09:01:43.635,0.93126,0.93154,1.00,3.23
2014.03.06 09:01:51.806,0.93126,0.93153,1.00,1.35
2014.03.06 09:01:52.604,0.93127,0.93155,1.00,1.38
2014.03.06 09:02:02.078,0.93123,0.93148,1.38,1.00
2014.03.06 09:02:04.055,0.93123,0.93154,1.38,1.38
2014.03.06 09:02:14.073,0.93127,0.93154,1.00,1.38
2014.03.06 09:02:17.904,0.93131,0.93157,1.00,1.38
2014.03.06 09:02:18.009,0.93131,0.9316,1.38,1.50
2014.03.06 09:02:18.146,0.93131,0.9316,1.38,1.13
2014.03.06 09:02:18.448,0.93133,0.93164,1.38,1.50
2014.03.06 09:02:19.017,0.93133,0.93164,1.38,1.50
2014.03.06 09:02:19.068,0.93136,0.93165,1.00,1.75
2014.03.06 09:02:19.120,0.93136,0.93165,1.38,1.75
2014.03.06 09:02:19.221,0.93136,0.93165,1.00,1.75
2014.03.06 09:02:20.678,0.93136,0.93165,1.00,1.75
2014.03.06 09:02:21.813,0.93133,0.93164,1.13,1.38
2014.03.06 09:02:22.075,0.93133,0.93158,1.00,1.00
2014.03.06 09:02:22.226,0.9313,0.93158,1.00,1.38
2014.03.06 09:02:22.394,0.93129,0.93158,1.38,1.13
2014.03.06 09:02:22.504,0.93129,0.93158,1.00,1.38
2014.03.06 09:02:23.742,0.93127,0.93158,2.25,1.38
2014.03.06 09:02:24.484,0.93127,0.93158,2.25,1.38
2014.03.06 09:02:27.533,0.93131,0.93159,1.00,1.38
2014.03.06 09:02:27.695,0.93129,0.93158,1.38,1.38
2014.03.06 09:02:27.908,0.9313,0.93158,1.38,1.00
2014.03.06 09:02:29.039,0.93132,0.93158,1.00,1.00
2014.03.06 09:02:30.063,0.93132,0.93163,1.50,1.38
2014.03.06 09:02:44.143,0.93131,0.93159,2.63,1.13
2014.03.06 09:02:44.194,0.93132,0.93159,1.00,1.38
2014.03.06 09:02:44.493,0.93132,0.93159,1.00,1.38
2014.03.06 09:02:45.593,0.93132,0.93159,1.13,1.13
2014.03.06 09:02:54.595,0.93128,0.93153,1.38,1.00
2014.03.06 09:02:54.646,0.93127,0.93153,1.38,1.13
2014.03.06 09:02:54.847,0.93128,0.93149,1.00,1.00
2014.03.06 09:02:54.948,0.93119,0.93149,1.38,1.38
2014.03.06 09:02:55.184,0.93116,0.93149,1.38,1.88
2014.03.06 09:02:55.363,0.93122,0.93148,1.00,1.38
2014.03.06 09:02:55.804,0.93116,0.93144,1.00,1.38
2014.03.06 09:02:59.154,0.93116,0.93144,1.38,1.38
2014.03.06 09:03:04.823,0.93122,0.93143,1.00,1.13
2014.03.06 09:03:05.414,0.93117,0.93143,1.13,1.13
2014.03.06 09:03:05.975,0.93117,0.93144,1.00,1.38
2014.03.06 09:03:06.608,0.93113,0.93143,1.00,1.38
2014.03.06 09:03:06.916,0.93116,0.93144,1.00,1.38
2014.03.06 09:03:07.033,0.93113,0.93144,1.00,1.38
2014.03.06 09:03:07.167,0.93112,0.93144,1.50,1.38
2014.03.06 09:03:08.564,0.93112,0.93144,1.50,1.38
2014.03.06 09:03:13.334,0.93117,0.93144,1.00,1.38
2014.03.06 09:03:13.434,0.93117,0.93144,1.00,1.38
2014.03.06 09:03:17.374,0.93112,0.93143,1.88,1.38
2014.03.06 09:03:20.342,0.93117,0.93144,1.00,1.38
2014.03.06 09:03:20.393,0.93117,0.93144,1.00,1.13
2014.03.06 09:03:21.123,0.93117,0.93146,1.00,1.38
2014.03.06 09:03:21.484,0.93117,0.93146,1.00,1.38
2014.03.06 09:03:21.976,0.93117,0.93143,1.00,1.50
2014.03.06 09:03:23.093,0.93122,0.93143,1.00,1.50
2014.03.06 09:03:24.054,0.93122,0.93143,1.00,1.50
2014.03.06 09:03:26.114,0.93117,0.93142,1.00,1.13
2014.03.06 09:03:26.643,0.93122,0.93141,1.00,1.00
2014.03.06 09:03:30.792,0.93117,0.93148,1.00,2.25
2014.03.06 09:03:32.905,0.93117,0.93148,1.00,2.25
2014.03.06 09:03:46.632,0.93114,0.93143,1.88,1.38
2014.03.06 09:03:47.876,0.93114,0.93138,1.88,1.00
2014.03.06 09:03:48.028,0.93111,0.93138,1.13,1.00
2014.03.06 09:03:48.078,0.93116,0.93143,1.00,1.50
2014.03.06 09:03:48.179,0.93116,0.93143,1.38,1.13
2014.03.06 09:03:48.230,0.93116,0.93145,1.38,1.13
2014.03.06 09:03:48.280,0.93116,0.93145,1.13,1.38
2014.03.06 09:03:48.951,0.93111,0.93144,1.88,1.38
2014.03.06 09:03:54.107,0.93111,0.93144,1.88,1.38
2014.03.06 09:03:55.873,0.93112,0.93134,1.00,1.00
2014.03.06 09:03:56.170,0.93109,0.93134,1.38,1.00
2014.03.06 09:03:57.340,0.93111,0.93134,1.00,1.00
2014.03.06 09:03:58.399,0.93111,0.93139,1.50,1.38
2014.03.06 09:04:00.157,0.93111,0.93143,1.88,1.88
2014.03.06 09:04:00.885,0.93111,0.93143,2.25,1.13
2014.03.06 09:04:01.522,0.93117,0.93147,1.00,1.38
2014.03.06 09:04:05.632,0.93121,0.93147,1.00,1.38
2014.03.06 09:04:07.092,0.93117,0.93147,1.00,1.38
2014.03.06 09:04:07.612,0.93116,0.93144,1.00,1.38
2014.03.06 09:04:07.663,0.93116,0.93144,1.13,1.38
2014.03.06 09:04:08.061,0.93121,0.93147,1.00,1.38
2014.03.06 09:04:08.363,0.93121,0.93145,1.00,2.48
2014.03.06 09:04:08.513,0.93116,0.93144,1.88,2.48
2014.03.06 09:04:08.765,0.93127,0.93149,1.00,1.38
2014.03.06 09:04:08.866,0.93122,0.93148,1.00,1.38
2014.03.06 09:04:09.203,0.93122,0.93152,1.88,1.38
2014.03.06 09:04:09.303,0.93126,0.93153,1.00,1.38
2014.03.06 09:04:09.642,0.93123,0.93148,1.00,1.13
2014.03.06 09:04:10.262,0.93122,0.93148,1.00,1.00
2014.03.06 09:04:10.601,0.93122,0.93152,1.50,1.38
2014.03.06 09:04:10.702,0.93125,0.93155,1.00,1.50
2014.03.06 09:04:11.072,0.93125,0.93148,1.00,1.00
2014.03.06 09:04:12.241,0.93126,0.93148,1.00,1.00
2014.03.06 09:04:15.150,0.93131,0.93148,1.00,1.00
2014.03.06 09:04:15.251,0.93126,0.93148,1.13,1.00
2014.03.06 09:04:15.312,0.93126,0.93159,1.88,1.50
2014.03.06 09:04:15.463,0.93128,0.93159,1.13,1.38
2014.03.06 09:04:15.564,0.93128,0.93159,1.38,1.38
2014.03.06 09:04:15.872,0.93132,0.93159,1.00,1.38
2014.03.06 09:04:16.041,0.9313,0.93159,1.13,1.38
2014.03.06 09:04:18.433,0.9313,0.93158,1.00,1.38
2014.03.06 09:04:18.543,0.93128,0.93158,1.00,1.38
2014.03.06 09:04:25.472,0.93128,0.93159,1.13,1.88
2014.03.06 09:04:27.885,0.93133,0.93159,1.13,1.38
2014.03.06 09:04:28.187,0.93141,0.93169,1.00,1.38
2014.03.06 09:04:28.237,0.93141,0.93169,1.38,1.00
2014.03.06 09:04:29.112,0.93141,0.93169,1.38,1.13
2014.03.06 09:04:29.532,0.93142,0.93169,1.88,1.13
2014.03.06 09:04:30.301,0.93143,0.93169,1.00,1.13
2014.03.06 09:04:30.874,0.93143,0.93164,1.00,1.00
2014.03.06 09:04:31.195,0.93143,0.93159,1.00,1.00
2014.03.06 09:04:31.346,0.93137,0.93159,1.13,1.00
2014.03.06 09:04:32.443,0.93137,0.93159,1.50,1.00
2014.03.06 09:04:32.544,0.93138,0.93159,1.38,1.00
2014.03.06 09:04:32.644,0.9314,0.93163,1.38,1.00
2014.03.06 09:04:33.166,0.93144,0.93163,1.38,1.00
2014.03.06 09:04:33.217,0.93144,0.93163,1.13,1.00
2014.03.06 09:04:33.846,0.93142,0.93169,1.38,1.00
2014.03.06 09:04:33.963,0.93142,0.93169,1.00,1.13
2014.03.06 09:04:34.172,0.93142,0.93169,1.00,1.38
2014.03.06 09:04:34.381,0.93141,0.93169,1.00,1.38
2014.03.06 09:04:36.390,0.93141,0.93163,1.00,1.00
2014.03.06 09:04:36.441,0.93139,0.93163,1.00,1.00
2014.03.06 09:04:36.541,0.93136,0.93163,1.50,1.00
2014.03.06 09:04:36.742,0.93139,0.93167,1.00,1.38
2014.03.06 09:04:37.931,0.93139,0.93163,1.00,1.13
2014.03.06 09:04:43.857,0.93136,0.93163,1.00,1.13
2014.03.06 09:04:54.331,0.93136,0.93159,1.00,1.00
2014.03.06 09:04:58.141,0.93136,0.93159,1.00,1.38
2014.03.06 09:04:59.064,0.93135,0.93159,1.00,1.38
2014.03.06 09:04:59.901,0.93135,0.93159,1.00,1.00
2014.03.06 09:05:00.171,0.9314,0.93165,1.00,1.13
2014.03.06 09:05:00.624,0.93143,0.93169,1.00,1.38
2014.03.06 09:05:00.675,0.93142,0.93169,1.38,1.00
2014.03.06 09:05:03.913,0.93143,0.93169,1.00,1.38
2014.03.06 09:05:04.115,0.93143,0.93169,1.00,1.38
2014.03.06 09:05:08.094,0.93143,0.93163,1.00,1.00
2014.03.06 09:05:08.194,0.9314,0.93163,1.00,1.00
2014.03.06 09:05:08.409,0.9314,0.93168,1.00,1.38
2014.03.06 09:05:08.473,0.93136,0.93168,3.00,1.38
2014.03.06 09:05:11.186,0.93136,0.93168,3.00,1.38
2014.03.06 09:05:11.357,0.93139,0.93169,1.38,1.13
2014.03.06 09:05:11.682,0.93139,0.93169,1.38,1.00
2014.03.06 09:05:12.212,0.93143,0.93169,1.38,1.00
2014.03.06 09:05:12.301,0.93143,0.93173,1.38,1.38
2014.03.06 09:05:12.462,0.93145,0.93173,1.38,1.00
2014.03.06 09:05:12.804,0.9314,0.93164,1.00,1.00
2014.03.06 09:05:12.904,0.9314,0.93169,1.00,1.38
2014.03.06 09:05:12.955,0.93142,0.93169,1.00,1.38
2014.03.06 09:05:13.005,0.93142,0.93169,1.38,1.00
2014.03.06 09:05:13.112,0.93142,0.93169,1.50,1.13
2014.03.06 09:05:13.456,0.93142,0.93173,1.88,1.88
2014.03.06 09:05:13.657,0.93142,0.93169,1.88,1.00
2014.03.06 09:05:14.382,0.93143,0.93169,1.38,1.00
2014.03.06 09:05:23.853,0.93143,0.93164,1.38,1.00
2014.03.06 09:05:29.352,0.93143,0.93169,1.88,1.00
2014.03.06 09:05:29.688,0.93143,0.93169,1.38,1.00
2014.03.06 09:05:30.002,0.93145,0.93169,1.38,1.00
2014.03.06 09:05:36.381,0.93143,0.93169,1.88,1.00
2014.03.06 09:05:40.352,0.93143,0.93173,1.38,1.13
2014.03.06 09:05:40.454,0.93147,0.93173,1.38,1.00
2014.03.06 09:05:40.900,0.93147,0.93173,1.38,1.00
2014.03.06 09:05:56.852,0.93147,0.93173,1.38,1.00
2014.03.06 09:05:57.107,0.93147,0.93168,1.38,1.00
2014.03.06 09:05:57.208,0.93144,0.93168,1.88,1.00
2014.03.06 09:05:59.592,0.93144,0.93168,1.38,1.00
2014.03.06 09:05:59.921,0.93144,0.93168,1.38,1.00
2014.03.06 09:06:00.800,0.93144,0.93168,1.38,1.00
2014.03.06 09:06:02.672,0.93144,0.93168,1.38,1.00
2014.03.06 09:06:07.582,0.93144,0.93163,1.38,1.00
2014.03.06 09:06:07.851,0.93145,0.93168,1.38,1.00
2014.03.06 09:06:08.102,0.93147,0.93168,1.38,1.00
2014.03.06 09:06:08.443,0.93147,0.93164,1.38,1.00
2014.03.06 09:06:08.501,0.93147,0.93164,1.38,1.00
2014.03.06 09:06:11.348,0.93144,0.93163,1.38,1.00
2014.03.06 09:06:12.115,0.93144,0.93174,1.75,1.00
2014.03.06 09:06:12.166,0.93144,0.93174,1.75,1.00
2014.03.06 09:06:12.367,0.93148,0.93174,1.38,1.00
2014.03.06 09:06:16.710,0.93148,0.93179,1.38,1.13
2014.03.06 09:06:16.861,0.93148,0.93179,1.38,1.13
2014.03.06 09:06:17.851,0.93152,0.93179,1.38,1.00
2014.03.06 09:06:18.030,0.93151,0.93184,2.63,1.38
2014.03.06 09:06:18.220,0.93149,0.93181,1.50,1.13
2014.03.06 09:06:19.093,0.93149,0.93181,1.50,1.00
2014.03.06 09:06:19.570,0.93149,0.93173,1.50,1.00
2014.03.06 09:06:22.370,0.93149,0.93181,1.50,1.00
2014.03.06 09:06:24.123,0.9315,0.93182,1.38,1.00
2014.03.06 09:06:25.555,0.93151,0.93182,1.38,1.00
2014.03.06 09:06:25.930,0.9315,0.93179,1.38,1.13
2014.03.06 09:06:26.154,0.9315,0.93179,1.13,1.38
2014.03.06 09:06:26.470,0.93147,0.93179,1.50,1.88
2014.03.06 09:06:27.067,0.93147,0.93174,1.38,1.00
2014.03.06 09:06:29.141,0.93147,0.93179,1.38,1.38
2014.03.06 09:06:29.192,0.93147,0.93179,1.38,1.13
2014.03.06 09:06:30.731,0.93147,0.93179,1.38,1.13
2014.03.06 09:06:34.168,0.93147,0.93181,1.38,1.38
2014.03.06 09:06:35.110,0.93147,0.93179,1.38,1.00
2014.03.06 09:06:35.439,0.93147,0.93179,1.50,1.00
2014.03.06 09:06:35.490,0.93147,0.93179,1.50,1.38
2014.03.06 09:06:35.660,0.93147,0.93174,1.50,1.00
2014.03.06 09:06:35.710,0.93147,0.93174,1.00,1.00
2014.03.06 09:06:36.659,0.93147,0.93178,1.50,1.88
2014.03.06 09:06:36.709,0.93148,0.93178,1.38,1.38
2014.03.06 09:06:37.440,0.93148,0.93178,1.38,1.13
2014.03.06 09:06:37.881,0.93148,0.93178,1.38,1.38
2014.03.06 09:06:41.400,0.93148,0.93178,1.38,1.38
2014.03.06 09:06:41.790,0.93148,0.93173,1.38,1.00
2014.03.06 09:06:42.779,0.93147,0.93179,1.38,1.88
2014.03.06 09:07:05.731,0.93147,0.93179,1.38,1.13
2014.03.06 09:07:05.933,0.93152,0.93181,1.38,1.00
2014.03.06 09:07:09.590,0.93149,0.93178,1.38,1.00
2014.03.06 09:07:09.805,0.93147,0.93178,1.88,1.88
2014.03.06 09:07:09.906,0.93147,0.93178,1.38,1.88
2014.03.06 09:07:13.132,0.93151,0.93177,1.00,2.05
2014.03.06 09:07:13.689,0.93143,0.93169,1.38,1.00
2014.03.06 09:07:14.500,0.93143,0.93169,1.38,1.00
2014.03.06 09:07:16.116,0.93143,0.93169,1.38,1.00
2014.03.06 09:07:22.409,0.93143,0.93169,1.50,1.00
2014.03.06 09:07:30.043,0.93147,0.93178,1.38,2.85
2014.03.06 09:07:30.144,0.93147,0.93178,1.38,1.88
2014.03.06 09:07:30.244,0.93148,0.93178,1.38,1.13
2014.03.06 09:07:36.820,0.93148,0.93178,1.38,1.00
2014.03.06 09:07:48.289,0.93151,0.9318,1.38,1.50
2014.03.06 09:07:48.440,0.93151,0.93183,1.38,1.38
2014.03.06 09:08:06.829,0.93153,0.93179,1.38,1.00
2014.03.06 09:08:07.173,0.93153,0.93183,1.38,1.38
2014.03.06 09:08:13.219,0.93154,0.93183,1.38,1.00
2014.03.06 09:08:13.483,0.93152,0.93183,2.63,1.38
2014.03.06 09:08:14.451,0.93152,0.93183,1.88,1.38
2014.03.06 09:08:15.518,0.93151,0.93182,1.00,1.38
2014.03.06 09:08:16.668,0.93152,0.93182,1.00,1.38
2014.03.06 09:08:16.852,0.93152,0.93182,1.00,1.38
2014.03.06 09:08:17.634,0.93147,0.93178,1.75,1.38
2014.03.06 09:08:18.428,0.93152,0.9318,1.13,1.38
2014.03.06 09:08:19.105,0.93152,0.9318,1.38,1.38
2014.03.06 09:08:20.839,0.93147,0.93173,2.25,1.00
2014.03.06 09:08:20.940,0.93147,0.93173,1.13,1.38
2014.03.06 09:08:21.678,0.93145,0.93173,1.50,1.38
2014.03.06 09:08:22.162,0.93146,0.93169,1.50,1.00
2014.03.06 09:08:22.363,0.93151,0.93175,1.13,1.00
2014.03.06 09:08:22.718,0.93151,0.93181,1.13,1.38
2014.03.06 09:08:22.819,0.93156,0.93181,1.00,1.38
2014.03.06 09:08:22.919,0.93156,0.93182,1.00,1.38
2014.03.06 09:08:23.998,0.93156,0.93186,1.00,2.10
2014.03.06 09:08:24.219,0.93156,0.93186,1.00,2.10
2014.03.06 09:08:24.324,0.93152,0.93183,1.13,1.38
2014.03.06 09:08:24.673,0.93152,0.93183,3.38,1.00
2014.03.06 09:08:28.628,0.93154,0.93183,1.38,1.13
2014.03.06 09:08:46.710,0.93154,0.93186,1.38,1.00
2014.03.06 09:08:46.860,0.93154,0.93183,1.38,1.00
2014.03.06 09:08:49.109,0.93154,0.93183,1.38,1.38
2014.03.06 09:08:58.118,0.93158,0.93189,1.00,1.75
2014.03.06 09:08:58.269,0.93158,0.93189,1.00,1.75
2014.03.06 09:08:58.378,0.93158,0.93183,1.00,1.00
2014.03.06 09:09:02.738,0.93158,0.93183,1.38,1.00
2014.03.06 09:09:04.318,0.93158,0.93188,1.38,1.50
2014.03.06 09:09:10.393,0.9316,0.93188,1.00,1.38
2014.03.06 09:09:31.752,0.93161,0.93188,1.00,1.38
2014.03.06 09:09:32.327,0.93161,0.93188,1.00,1.38
2014.03.06 09:09:32.767,0.93161,0.93188,1.38,1.13
2014.03.06 09:09:33.677,0.93162,0.93188,1.38,1.00
2014.03.06 09:09:33.897,0.93161,0.93193,2.25,1.38
2014.03.06 09:09:33.977,0.93161,0.93193,2.25,1.38
2014.03.06 09:09:34.377,0.93161,0.93188,1.50,1.00
2014.03.06 09:09:34.897,0.93161,0.93188,1.50,1.38
2014.03.06 09:09:35.579,0.93162,0.93193,1.00,1.88
2014.03.06 09:09:35.939,0.93164,0.93193,1.38,1.88
2014.03.06 09:09:36.057,0.93165,0.93193,1.00,1.88
2014.03.06 09:09:36.387,0.93162,0.93193,1.75,1.88
2014.03.06 09:09:36.728,0.93161,0.93189,2.25,1.38
2014.03.06 09:09:37.546,0.93161,0.93189,1.50,1.38
2014.03.06 09:09:38.285,0.93161,0.93189,1.50,1.13
2014.03.06 09:09:38.386,0.93162,0.93193,1.00,1.38
2014.03.06 09:09:38.817,0.93162,0.93183,1.00,1.00
2014.03.06 09:09:39.958,0.93164,0.93183,1.13,1.00
2014.03.06 09:09:40.163,0.93162,0.93194,2.63,1.73
2014.03.06 09:09:40.346,0.93162,0.93194,2.25,1.73
2014.03.06 09:09:41.117,0.93163,0.93184,1.13,1.00
2014.03.06 09:09:41.383,0.93163,0.93193,1.13,1.38
2014.03.06 09:09:41.484,0.93162,0.93193,3.38,1.38
2014.03.06 09:09:42.458,0.93162,0.93193,3.00,1.88
2014.03.06 09:09:42.657,0.93162,0.93193,3.38,1.88
2014.03.06 09:09:42.886,0.93162,0.93193,2.63,1.88
2014.03.06 09:09:45.965,0.93164,0.93193,1.00,1.38
2014.03.06 09:09:47.102,0.93164,0.93193,1.00,1.38
2014.03.06 09:09:47.253,0.93162,0.93193,1.00,1.88
2014.03.06 09:09:47.418,0.93159,0.93184,1.88,1.38
2014.03.06 09:09:47.734,0.93155,0.93184,1.38,1.38
2014.03.06 09:09:48.386,0.93153,0.93184,1.38,1.38
2014.03.06 09:09:50.577,0.93153,0.93184,1.38,1.38
2014.03.06 09:09:51.897,0.93153,0.93184,1.38,1.00
2014.03.06 09:09:52.704,0.93157,0.93183,1.13,1.00
2014.03.06 09:09:54.546,0.93154,0.93179,1.13,1.00
2014.03.06 09:09:55.662,0.93153,0.93179,1.75,1.13
2014.03.06 09:09:56.201,0.93153,0.93179,1.00,1.13
2014.03.06 09:10:02.949,0.93151,0.93179,1.50,1.13
2014.03.06 09:10:15.708,0.93151,0.93179,1.38,1.00
2014.03.06 09:10:38.887,0.9315,0.93174,1.38,1.00
2014.03.06 09:10:38.938,0.9315,0.93174,1.00,1.00
2014.03.06 09:10:39.536,0.93147,0.93173,1.38,1.00
2014.03.06 09:10:39.725,0.93147,0.93173,1.00,1.00
2014.03.06 09:10:40.032,0.93147,0.93174,1.38,1.13
2014.03.06 09:10:41.796,0.93148,0.93174,1.13,1.13
2014.03.06 09:10:41.897,0.93154,0.93179,1.13,1.00
2014.03.06 09:10:41.998,0.93154,0.93179,1.38,1.00
2014.03.06 09:10:42.099,0.93156,0.93184,1.38,1.00
2014.03.06 09:10:42.450,0.93157,0.93184,1.00,1.00
2014.03.06 09:10:42.623,0.93157,0.93179,1.00,1.00
2014.03.06 09:10:43.166,0.93153,0.93179,1.88,1.00
2014.03.06 09:10:45.366,0.93153,0.93183,1.88,1.00
2014.03.06 09:10:49.655,0.93153,0.93178,1.38,1.00
2014.03.06 09:10:51.182,0.93153,0.93183,1.38,1.00
2014.03.06 09:11:06.218,0.93153,0.93183,1.38,1.13
2014.03.06 09:11:16.899,0.93153,0.93179,1.88,1.00
2014.03.06 09:11:21.069,0.93154,0.93183,1.38,1.00
2014.03.06 09:11:27.105,0.93154,0.93179,1.38,1.00
2014.03.06 09:11:29.134,0.93154,0.93184,1.38,1.00
2014.03.06 09:11:29.286,0.93154,0.93184,1.38,1.00
2014.03.06 09:11:40.124,0.93153,0.93179,1.38,1.00
2014.03.06 09:11:41.036,0.93153,0.93179,1.38,1.00
2014.03.06 09:11:42.779,0.93153,0.93184,1.38,1.38
2014.03.06 09:11:43.765,0.93153,0.93179,1.38,1.00
2014.03.06 09:11:48.165,0.93154,0.93183,1.38,1.13
2014.03.06 09:11:54.109,0.93152,0.93179,1.88,1.00
2014.03.06 09:11:55.098,0.93152,0.93184,1.88,1.38
2014.03.06 09:11:56.180,0.93152,0.93184,1.88,1.00
2014.03.06 09:12:10.175,0.93153,0.93184,1.38,1.00
2014.03.06 09:12:16.115,0.93153,0.93184,1.38,1.38
2014.03.06 09:12:24.929,0.93153,0.93184,1.38,1.00
2014.03.06 09:12:25.234,0.93153,0.93178,1.38,1.00
2014.03.06 09:12:26.794,0.93153,0.93178,1.38,1.00
2014.03.06 09:12:27.372,0.93153,0.93183,1.38,1.00
2014.03.06 09:12:31.196,0.93153,0.93183,1.50,1.00
2014.03.06 09:12:34.354,0.93153,0.93183,1.88,1.00
2014.03.06 09:12:44.145,0.93155,0.93183,1.38,1.38
2014.03.06 09:12:44.262,0.93155,0.93183,1.38,1.00
2014.03.06 09:12:46.894,0.93155,0.93183,1.38,1.38
2014.03.06 09:12:47.054,0.93155,0.93179,1.38,1.00
2014.03.06 09:12:47.714,0.93155,0.93184,1.38,1.38
2014.03.06 09:12:49.434,0.93155,0.93184,1.88,1.00
2014.03.06 09:12:49.585,0.93158,0.93179,1.13,1.00
2014.03.06 09:12:50.284,0.93155,0.93179,1.13,1.00
2014.03.06 09:12:51.895,0.93155,0.93183,1.13,1.00
2014.03.06 09:12:53.875,0.93156,0.93186,1.38,1.38
2014.03.06 09:12:53.975,0.93156,0.93186,1.38,1.00
2014.03.06 09:12:54.277,0.93156,0.93184,1.38,1.00
2014.03.06 09:12:58.693,0.93156,0.93184,1.38,1.00
2014.03.06 09:12:59.240,0.93156,0.93189,1.88,1.88
2014.03.06 09:12:59.340,0.93156,0.93184,1.88,1.00
2014.03.06 09:13:00.104,0.93156,0.93184,1.88,1.00
2014.03.06 09:13:00.934,0.93156,0.93184,2.63,1.00
2014.03.06 09:13:01.253,0.93156,0.93184,2.63,1.00
2014.03.06 09:13:01.354,0.93157,0.93188,1.75,1.13
2014.03.06 09:13:02.353,0.93167,0.9319,1.00,1.38
2014.03.06 09:13:02.454,0.93167,0.93192,1.00,1.75
2014.03.06 09:13:04.724,0.93162,0.93184,1.00,1.00
2014.03.06 09:13:05.633,0.93166,0.93192,1.00,1.75
2014.03.06 09:13:07.375,0.93166,0.93194,1.00,2.25
2014.03.06 09:13:09.904,0.93166,0.93194,1.50,2.25
2014.03.06 09:13:15.634,0.93166,0.93194,1.00,1.88
2014.03.06 09:13:20.803,0.93166,0.93194,1.00,1.88
2014.03.06 09:13:23.095,0.93171,0.93194,1.00,1.38
2014.03.06 09:13:23.261,0.93171,0.93194,1.00,1.13
2014.03.06 09:13:23.663,0.93168,0.93198,1.50,1.38
2014.03.06 09:13:23.713,0.93168,0.93198,1.13,1.38
2014.03.06 09:13:24.118,0.93168,0.93198,1.13,1.38
2014.03.06 09:13:24.483,0.93167,0.93197,1.00,1.50
2014.03.06 09:13:25.454,0.93167,0.93196,1.00,1.13
2014.03.06 09:13:25.624,0.93163,0.93194,1.00,1.38
2014.03.06 09:13:25.674,0.93161,0.93194,1.13,1.88
2014.03.06 09:13:25.866,0.93161,0.93194,1.13,1.88
2014.03.06 09:13:25.917,0.93167,0.93194,1.00,1.38
2014.03.06 09:13:26.242,0.93171,0.93194,1.00,1.38
2014.03.06 09:13:26.293,0.93167,0.93194,1.00,1.38
2014.03.06 09:13:26.393,0.93167,0.93194,1.00,1.38
2014.03.06 09:13:27.734,0.93167,0.93194,1.00,1.38
2014.03.06 09:13:34.595,0.9316,0.93188,1.88,1.38
2014.03.06 09:13:36.875,0.93163,0.93188,1.00,1.00
2014.03.06 09:13:37.067,0.93163,0.93188,1.88,1.00
2014.03.06 09:13:37.168,0.93169,0.93194,1.13,1.00
2014.03.06 09:13:43.313,0.93168,0.93194,1.50,1.00
2014.03.06 09:13:48.202,0.93167,0.93195,1.88,1.00
2014.03.06 09:13:48.504,0.93177,0.93209,1.00,1.13
2014.03.06 09:13:48.554,0.93183,0.93209,1.00,1.13
2014.03.06 09:13:48.911,0.93183,0.93213,1.38,1.00
2014.03.06 09:13:48.962,0.93187,0.93213,1.00,1.00
2014.03.06 09:13:49.128,0.93187,0.93219,1.00,1.38
2014.03.06 09:13:49.229,0.93187,0.93219,1.38,1.88
2014.03.06 09:13:53.934,0.9319,0.93219,1.38,1.38
2014.03.06 09:13:57.554,0.93189,0.93219,1.50,1.38
2014.03.06 09:13:58.353,0.93189,0.93213,1.38,1.00
2014.03.06 09:14:01.875,0.93189,0.93219,1.38,1.38
2014.03.06 09:14:03.615,0.93189,0.93219,1.00,1.38
2014.03.06 09:14:03.716,0.93187,0.93219,2.63,1.88
2014.03.06 09:14:03.867,0.93188,0.93208,1.00,1.00
2014.03.06 09:14:03.968,0.93184,0.93208,1.13,1.13
2014.03.06 09:14:04.169,0.93184,0.93208,1.13,1.38
2014.03.06 09:14:04.220,0.9318,0.93208,1.50,1.38
2014.03.06 09:14:04.603,0.9318,0.93208,1.00,1.38
2014.03.06 09:14:04.704,0.93178,0.93198,2.25,1.00
2014.03.06 09:14:04.873,0.93183,0.93208,1.00,1.38
2014.03.06 09:14:05.074,0.93184,0.93213,1.00,1.88
2014.03.06 09:14:05.175,0.93184,0.93213,1.88,1.38
2014.03.06 09:14:05.628,0.93186,0.93208,1.50,1.38
2014.03.06 09:14:05.779,0.93184,0.93208,1.00,1.38
2014.03.06 09:14:05.954,0.93184,0.93208,1.00,1.00
2014.03.06 09:14:09.447,0.93184,0.93208,1.00,1.38
2014.03.06 09:14:24.403,0.93182,0.93214,1.13,1.38
2014.03.06 09:14:28.407,0.93183,0.93214,1.50,1.38
2014.03.06 09:14:30.292,0.93186,0.93215,1.00,1.38
2014.03.06 09:14:32.382,0.93184,0.93213,1.00,1.38
2014.03.06 09:14:33.492,0.93184,0.93213,1.00,1.38
2014.03.06 09:14:38.528,0.93184,0.93209,1.00,1.38
2014.03.06 09:14:41.484,0.93181,0.93209,1.00,1.38
2014.03.06 09:14:45.457,0.93181,0.93213,1.88,1.38
2014.03.06 09:14:51.376,0.93182,0.93213,1.88,1.38
2014.03.06 09:14:54.283,0.93182,0.93213,1.13,1.38
2014.03.06 09:15:02.765,0.93184,0.93214,1.00,1.38
2014.03.06 09:15:02.952,0.93184,0.93214,1.13,1.38
2014.03.06 09:15:03.133,0.93184,0.93214,1.00,1.38
2014.03.06 09:15:03.442,0.93184,0.93214,1.00,1.38
2014.03.06 09:15:04.783,0.93184,0.93214,1.13,1.38
2014.03.06 09:15:05.014,0.93184,0.93214,1.13,1.38
2014.03.06 09:15:05.115,0.93184,0.93214,1.50,1.00
2014.03.06 09:15:05.167,0.93187,0.93216,1.00,1.50
2014.03.06 09:15:05.217,0.93187,0.93218,1.00,1.13
2014.03.06 09:15:05.318,0.93189,0.93218,1.50,1.13
2014.03.06 09:15:05.645,0.93191,0.93223,1.13,1.13
2014.03.06 09:15:05.883,0.93194,0.93224,1.38,1.50
2014.03.06 09:15:06.653,0.93196,0.93224,1.38,1.00
2014.03.06 09:15:10.883,0.93196,0.93225,1.88,1.00
2014.03.06 09:15:15.232,0.93198,0.93225,1.13,1.38
2014.03.06 09:15:21.036,0.93198,0.93223,1.13,1.00
2014.03.06 09:15:21.749,0.93198,0.93228,1.13,1.88
2014.03.06 09:15:26.383,0.93197,0.93226,1.00,1.13
2014.03.06 09:15:26.903,0.93197,0.93226,1.00,1.88
2014.03.06 09:15:27.520,0.93197,0.93223,1.00,1.38
2014.03.06 09:15:28.462,0.93197,0.93225,1.00,1.13
2014.03.06 09:15:28.578,0.93197,0.93226,1.00,2.25
2014.03.06 09:15:28.679,0.93197,0.93226,1.00,2.25
2014.03.06 09:16:03.684,0.93197,0.93228,1.38,1.38
2014.03.06 09:16:03.872,0.93198,0.93228,1.88,1.00
2014.03.06 09:16:18.732,0.932,0.93228,1.00,1.00
2014.03.06 09:16:19.613,0.93206,0.9323,1.00,1.13
2014.03.06 09:16:20.403,0.932,0.93228,1.00,1.00
2014.03.06 09:16:38.391,0.93201,0.93228,1.00,1.00
2014.03.06 09:16:38.441,0.93206,0.93228,1.38,1.00
2014.03.06 09:16:38.642,0.93205,0.9323,1.13,1.00
2014.03.06 09:16:38.693,0.93205,0.93233,2.63,1.00
2014.03.06 09:16:38.844,0.93206,0.93239,1.50,1.50
2014.03.06 09:16:39.411,0.93206,0.93239,1.00,2.25
2014.03.06 09:16:40.591,0.93205,0.93234,1.00,1.13
2014.03.06 09:16:41.250,0.93203,0.93234,1.50,1.00
2014.03.06 09:16:41.831,0.93203,0.93234,1.13,1.13
2014.03.06 09:16:42.827,0.93204,0.93234,1.50,1.13
2014.03.06 09:16:44.899,0.93206,0.93234,1.00,1.13
2014.03.06 09:16:58.080,0.93206,0.93238,1.50,1.38
2014.03.06 09:16:58.441,0.93206,0.93238,1.50,1.00
2014.03.06 09:16:59.071,0.93206,0.93234,1.00,1.00
2014.03.06 09:17:01.380,0.93207,0.93238,1.00,2.25
2014.03.06 09:17:03.430,0.93207,0.93238,1.38,2.25
2014.03.06 09:17:09.081,0.93207,0.93233,1.38,1.00
2014.03.06 09:17:10.319,0.93209,0.93233,1.38,1.00
2014.03.06 09:17:13.592,0.93211,0.93239,1.00,1.38
2014.03.06 09:17:13.642,0.93211,0.93239,1.38,1.00
2014.03.06 09:17:14.031,0.93213,0.93234,1.38,1.00
2014.03.06 09:17:14.220,0.93213,0.93234,1.00,1.00
2014.03.06 09:17:14.933,0.93206,0.93234,2.25,1.00
2014.03.06 09:17:19.825,0.93207,0.93237,1.50,1.00
2014.03.06 09:17:19.950,0.93207,0.93238,1.88,3.00
2014.03.06 09:17:21.849,0.93207,0.93238,1.88,2.25
2014.03.06 09:17:24.484,0.93207,0.93238,1.88,2.63
2014.03.06 09:17:26.611,0.93207,0.93238,1.88,1.88
2014.03.06 09:17:40.409,0.93207,0.93238,1.88,1.00
2014.03.06 09:17:41.813,0.93206,0.93233,1.88,1.00
2014.03.06 09:17:42.014,0.93206,0.93233,1.88,1.00
2014.03.06 09:17:42.122,0.93206,0.93233,1.50,1.00
2014.03.06 09:17:42.361,0.93206,0.93229,1.50,1.00
2014.03.06 09:17:42.411,0.93202,0.93229,1.38,1.00
2014.03.06 09:17:42.562,0.93199,0.93229,1.00,1.00
2014.03.06 09:17:42.613,0.93194,0.93228,1.13,1.00
2014.03.06 09:17:42.801,0.93201,0.93228,1.00,1.00
2014.03.06 09:17:42.851,0.93201,0.9323,1.00,1.00
2014.03.06 09:17:46.900,0.93198,0.93229,1.13,1.00
2014.03.06 09:18:06.631,0.93197,0.93229,1.00,1.00
2014.03.06 09:18:06.972,0.93201,0.93229,1.00,1.00
2014.03.06 09:18:07.035,0.93199,0.93229,1.00,1.00
2014.03.06 09:18:07.135,0.93202,0.93231,1.00,1.13
2014.03.06 09:18:09.213,0.93202,0.93233,1.88,1.88
2014.03.06 09:18:11.744,0.93202,0.93233,1.50,1.88
2014.03.06 09:18:12.119,0.93206,0.93236,1.00,1.75
2014.03.06 09:18:16.852,0.93206,0.93236,1.00,1.38
2014.03.06 09:18:32.675,0.93212,0.93239,1.00,1.38
2014.03.06 09:18:33.079,0.93207,0.93238,1.00,1.38
2014.03.06 09:18:33.739,0.93211,0.93239,1.00,1.38
2014.03.06 09:18:34.842,0.93206,0.93239,1.50,1.38
2014.03.06 09:18:34.950,0.93212,0.9324,1.00,1.88
2014.03.06 09:18:43.179,0.93206,0.93233,1.00,1.00
2014.03.06 09:18:43.973,0.9321,0.93233,1.38,1.00
2014.03.06 09:18:44.320,0.9321,0.93233,1.38,1.00
2014.03.06 09:18:44.421,0.9321,0.93238,1.75,1.00
2014.03.06 09:18:44.521,0.93213,0.93238,1.88,1.00
2014.03.06 09:18:44.572,0.93215,0.93238,1.75,1.00
2014.03.06 09:18:44.622,0.93219,0.93244,1.13,1.50
2014.03.06 09:18:45.301,0.93219,0.93244,1.13,1.00
2014.03.06 09:18:45.634,0.93219,0.93239,1.13,1.00
2014.03.06 09:18:45.793,0.93217,0.93239,1.00,1.00
2014.03.06 09:18:45.846,0.93213,0.93233,1.00,1.00
2014.03.06 09:18:46.353,0.93212,0.93233,1.00,1.00
2014.03.06 09:18:46.404,0.9321,0.93239,2.25,1.00
2014.03.06 09:18:46.504,0.93211,0.93239,2.63,1.00
2014.03.06 09:18:46.605,0.93217,0.93244,1.88,1.00
2014.03.06 09:18:46.655,0.93221,0.93248,1.00,1.13
2014.03.06 09:18:47.195,0.93221,0.93248,1.88,1.38
2014.03.06 09:18:48.010,0.93221,0.93248,1.88,1.00
2014.03.06 09:18:50.099,0.93222,0.93248,1.00,1.38
2014.03.06 09:18:51.859,0.93222,0.93248,1.00,1.38
2014.03.06 09:18:52.429,0.93221,0.93248,1.38,1.00
2014.03.06 09:18:52.849,0.93221,0.93248,1.00,1.38
2014.03.06 09:18:55.162,0.93221,0.93248,1.00,1.38
2014.03.06 09:18:55.408,0.93226,0.93254,1.00,1.38
2014.03.06 09:18:55.508,0.93228,0.93254,1.00,1.38
2014.03.06 09:18:55.734,0.93231,0.93258,1.00,1.50
2014.03.06 09:18:55.839,0.93232,0.93259,1.38,1.38
2014.03.06 09:18:55.941,0.93233,0.93263,1.38,1.88
2014.03.06 09:18:56.150,0.93233,0.93263,1.75,1.00
2014.03.06 09:18:56.471,0.93233,0.93263,1.75,1.00
2014.03.06 09:18:56.795,0.93237,0.93263,3.00,1.00
2014.03.06 09:18:58.720,0.9324,0.93263,1.50,1.00
2014.03.06 09:18:58.971,0.93237,0.93263,1.00,1.13
2014.03.06 09:18:59.072,0.93237,0.93258,1.00,1.00
2014.03.06 09:19:04.479,0.93233,0.93258,1.13,1.13
2014.03.06 09:19:04.799,0.93232,0.93254,2.25,1.00
2014.03.06 09:19:04.947,0.93229,0.93254,1.50,1.00
2014.03.06 09:19:05.730,0.93227,0.93254,1.13,1.13
2014.03.06 09:19:05.881,0.93227,0.93249,1.13,1.00
2014.03.06 09:19:07.118,0.93224,0.93249,1.13,1.00
2014.03.06 09:19:08.807,0.93223,0.93249,1.88,1.38
2014.03.06 09:19:09.567,0.93224,0.93249,1.00,1.38
2014.03.06 09:19:14.483,0.93223,0.93249,1.88,1.38
2014.03.06 09:19:14.889,0.93226,0.93249,1.00,1.38
2014.03.06 09:19:15.040,0.93223,0.93249,1.13,1.38
2014.03.06 09:19:15.090,0.93227,0.93253,1.00,1.38
2014.03.06 09:19:15.318,0.93227,0.93253,1.00,1.38
2014.03.06 09:19:15.450,0.93227,0.93253,1.00,1.38
2014.03.06 09:19:15.857,0.93223,0.93248,1.00,1.38
2014.03.06 09:19:16.069,0.93223,0.93248,1.38,1.00
2014.03.06 09:19:16.370,0.93229,0.93248,1.00,1.00
2014.03.06 09:19:16.421,0.93226,0.93254,1.13,1.50
2014.03.06 09:19:16.499,0.93232,0.93255,1.00,1.13
2014.03.06 09:19:16.898,0.93232,0.93256,1.00,1.38
2014.03.06 09:19:17.222,0.93237,0.93258,1.00,1.38
2014.03.06 09:19:17.523,0.93232,0.9325,1.00,1.38
2014.03.06 09:19:17.862,0.93232,0.9325,1.00,1.38
2014.03.06 09:19:18.152,0.93226,0.93243,1.00,1.38
2014.03.06 09:19:18.308,0.93226,0.93243,1.00,1.38
2014.03.06 09:19:18.760,0.93226,0.93254,1.13,1.88
2014.03.06 09:19:19.308,0.93226,0.93254,1.50,1.88
2014.03.06 09:19:19.409,0.93226,0.93254,1.13,1.88
2014.03.06 09:19:19.630,0.93227,0.93254,1.00,1.38
2014.03.06 09:19:19.731,0.93227,0.93258,1.00,1.75
2014.03.06 09:19:19.781,0.93232,0.93259,1.00,1.75
2014.03.06 09:19:19.932,0.93232,0.93259,1.13,1.38
2014.03.06 09:19:20.033,0.93232,0.93263,1.38,1.38
2014.03.06 09:19:20.373,0.93237,0.93263,1.50,1.38
2014.03.06 09:19:20.578,0.93237,0.93263,1.88,1.13
2014.03.06 09:19:20.839,0.93236,0.93263,1.00,1.38
2014.03.06 09:19:21.386,0.93236,0.93263,1.00,1.38
2014.03.06 09:19:21.720,0.93232,0.93259,1.00,1.38
2014.03.06 09:19:22.094,0.93234,0.93259,1.00,1.38
2014.03.06 09:19:22.145,0.93234,0.93263,1.38,1.13
2014.03.06 09:19:22.357,0.93234,0.93263,2.63,1.38
2014.03.06 09:19:22.902,0.93234,0.93263,1.38,1.13
2014.03.06 09:19:23.457,0.93236,0.93263,1.50,1.38
2014.03.06 09:19:23.817,0.93236,0.93263,1.88,1.00
2014.03.06 09:19:26.177,0.93239,0.93263,1.13,1.00
2014.03.06 09:19:27.018,0.93239,0.93263,1.50,1.00
2014.03.06 09:19:27.607,0.93237,0.93264,1.88,1.13
2014.03.06 09:19:27.913,0.93236,0.93264,1.75,1.38
2014.03.06 09:19:28.118,0.93235,0.93264,1.13,1.38
2014.03.06 09:19:29.059,0.93235,0.93264,1.50,1.13
2014.03.06 09:19:32.169,0.93239,0.93264,1.50,1.00
2014.03.06 09:19:32.689,0.93239,0.93264,1.88,1.00
2014.03.06 09:19:32.913,0.93239,0.93264,1.88,1.00
2014.03.06 09:19:33.091,0.93239,0.93268,2.48,1.00
2014.03.06 09:19:33.309,0.93239,0.93263,2.48,1.00
2014.03.06 09:19:33.360,0.93239,0.93263,2.48,1.00
2014.03.06 09:19:33.681,0.93239,0.93268,2.48,1.00
2014.03.06 09:19:33.898,0.93239,0.93268,1.88,1.00
2014.03.06 09:19:36.099,0.93241,0.93263,1.38,1.00
2014.03.06 09:19:36.648,0.93241,0.93263,1.00,1.00
2014.03.06 09:19:37.028,0.93234,0.93263,1.88,1.00
2014.03.06 09:19:37.187,0.93234,0.93253,1.88,1.00
2014.03.06 09:19:37.238,0.93234,0.93253,1.88,1.00
2014.03.06 09:19:38.958,0.93232,0.93253,1.75,1.00
2014.03.06 09:19:40.625,0.93237,0.93263,1.38,1.00
2014.03.06 09:19:40.776,0.93237,0.93263,1.38,1.00
2014.03.06 09:19:40.927,0.93239,0.93268,1.38,1.00
2014.03.06 09:19:41.464,0.93239,0.93268,1.38,1.00
2014.03.06 09:19:41.564,0.93239,0.93268,1.38,1.00
2014.03.06 09:19:41.665,0.93239,0.93268,1.75,1.00
2014.03.06 09:19:41.866,0.9324,0.93263,1.13,1.00
2014.03.06 09:19:42.379,0.93237,0.93263,1.38,1.00
2014.03.06 09:19:42.430,0.93237,0.93263,1.38,1.00
2014.03.06 09:19:43.168,0.93237,0.93263,1.38,1.00
2014.03.06 09:19:44.598,0.93237,0.93263,1.38,1.00
2014.03.06 09:19:47.683,0.93237,0.93263,1.38,1.00
2014.03.06 09:19:48.559,0.93237,0.93263,1.38,1.00
2014.03.06 09:19:49.328,0.93237,0.93268,2.25,1.13
2014.03.06 09:19:49.479,0.93237,0.93268,2.85,1.13
2014.03.06 09:19:49.658,0.93237,0.93268,3.98,1.13
2014.03.06 09:19:51.668,0.9324,0.93263,1.00,1.00
2014.03.06 09:19:53.312,0.9324,0.93268,1.00,1.50
2014.03.06 09:19:53.413,0.9324,0.93268,1.38,1.00
2014.03.06 09:19:56.898,0.93242,0.93268,1.88,1.00
2014.03.06 09:19:57.262,0.93242,0.93268,1.88,1.00
2014.03.06 09:19:59.660,0.93242,0.93268,1.88,1.13
2014.03.06 09:20:00.249,0.93242,0.93268,2.63,1.00
2014.03.06 09:20:00.540,0.93242,0.93268,2.63,1.00
2014.03.06 09:20:02.189,0.93242,0.93268,2.63,1.00
2014.03.06 09:20:02.289,0.93245,0.93268,1.13,1.00
2014.03.06 09:20:04.708,0.93243,0.93268,1.00,1.00
2014.03.06 09:20:06.020,0.93243,0.93263,1.00,1.00
2014.03.06 09:20:06.070,0.93238,0.93263,1.88,1.00
2014.03.06 09:20:06.700,0.93238,0.93263,1.88,1.00
2014.03.06 09:20:07.038,0.93238,0.93263,1.38,1.00
2014.03.06 09:20:09.448,0.93237,0.93263,2.25,1.38
2014.03.06 09:20:12.419,0.93237,0.93263,3.00,1.00
2014.03.06 09:20:12.859,0.93237,0.93263,2.63,1.38
2014.03.06 09:20:13.209,0.93237,0.93263,2.25,1.00
2014.03.06 09:20:13.518,0.93229,0.93254,1.50,1.00
2014.03.06 09:20:13.619,0.9323,0.93258,1.13,1.13
2014.03.06 09:20:13.669,0.9323,0.93258,1.38,1.00
2014.03.06 09:20:15.389,0.93234,0.93253,1.75,1.00
2014.03.06 09:20:15.710,0.93227,0.93253,1.38,1.00
2014.03.06 09:20:15.811,0.93223,0.93253,2.25,1.00
2014.03.06 09:20:16.328,0.93223,0.93253,1.88,1.13
2014.03.06 09:20:16.379,0.93223,0.93244,1.88,1.00
2014.03.06 09:20:16.751,0.93223,0.93244,1.00,1.00
2014.03.06 09:20:16.953,0.93224,0.93248,1.00,1.38
2014.03.06 09:20:17.324,0.93227,0.93253,1.00,1.38
2014.03.06 09:20:18.108,0.93224,0.93249,1.38,1.00
2014.03.06 09:20:18.159,0.93221,0.93249,2.25,1.00
2014.03.06 09:20:18.878,0.9322,0.93243,1.88,1.00
2014.03.06 09:20:19.098,0.9322,0.93249,1.38,1.38
2014.03.06 09:20:19.148,0.9322,0.93249,1.13,1.13
2014.03.06 09:20:30.469,0.9322,0.93249,1.38,1.00
2014.03.06 09:20:30.920,0.9322,0.93249,1.00,1.38
2014.03.06 09:20:31.189,0.9322,0.93249,1.38,1.00
2014.03.06 09:20:34.988,0.9322,0.93249,1.38,1.00
2014.03.06 09:20:35.565,0.93222,0.93249,1.13,1.00
2014.03.06 09:20:35.666,0.93225,0.93254,1.00,1.00
2014.03.06 09:20:38.452,0.93225,0.93254,1.50,1.00
2014.03.06 09:20:38.817,0.93226,0.93254,2.63,1.00
2014.03.06 09:20:40.138,0.93226,0.93243,1.88,1.00
2014.03.06 09:20:40.340,0.9322,0.93243,1.50,1.00
2014.03.06 09:20:41.377,0.93216,0.93243,1.50,1.00
2014.03.06 09:20:43.878,0.93216,0.93234,2.25,1.00
2014.03.06 09:20:45.307,0.93215,0.93244,1.75,1.73
2014.03.06 09:20:45.467,0.93217,0.93244,1.38,1.00
2014.03.06 09:20:45.658,0.93215,0.93244,3.38,1.38
2014.03.06 09:20:48.298,0.93217,0.93244,1.13,1.13
2014.03.06 09:20:48.650,0.93215,0.93234,2.25,1.00
2014.03.06 09:20:48.914,0.93213,0.93234,1.38,1.00
2014.03.06 09:20:49.826,0.93211,0.93234,1.38,1.00
2014.03.06 09:20:50.629,0.93217,0.93243,1.38,1.50
2014.03.06 09:20:50.780,0.93217,0.93243,1.88,1.00
2014.03.06 09:20:51.088,0.93225,0.93249,1.38,1.00
2014.03.06 09:20:51.950,0.93224,0.93248,1.38,1.00
2014.03.06 09:20:54.698,0.93224,0.93248,1.38,1.00
2014.03.06 09:20:54.807,0.93224,0.93254,1.38,2.25
2014.03.06 09:20:55.138,0.93224,0.93254,3.00,1.13
2014.03.06 09:20:56.141,0.93227,0.93254,1.38,1.13
2014.03.06 09:20:56.717,0.93224,0.93243,1.75,1.00
2014.03.06 09:20:56.818,0.93224,0.93248,1.13,1.00
2014.03.06 09:20:57.333,0.93227,0.93248,1.38,1.00
2014.03.06 09:20:57.383,0.93227,0.93248,1.13,1.00
2014.03.06 09:20:57.557,0.93227,0.93253,1.13,1.00
2014.03.06 09:20:57.899,0.93228,0.93254,1.00,1.00
2014.03.06 09:20:58.158,0.93227,0.93244,1.38,1.00
2014.03.06 09:20:58.448,0.93221,0.93244,1.88,1.00
2014.03.06 09:20:59.058,0.93221,0.93244,1.88,1.00
2014.03.06 09:20:59.109,0.93221,0.93248,1.88,1.00
2014.03.06 09:20:59.319,0.93221,0.93254,2.63,1.00
2014.03.06 09:20:59.567,0.93226,0.93254,1.38,1.00
2014.03.06 09:20:59.668,0.93229,0.93258,1.00,1.88
2014.03.06 09:20:59.769,0.93228,0.93258,1.88,1.00
2014.03.06 09:20:59.870,0.93228,0.93253,1.88,1.00
2014.03.06 09:20:59.920,0.93225,0.93253,4.13,1.00
2014.03.06 09:21:00.307,0.93225,0.93244,2.25,1.00
2014.03.06 09:21:00.508,0.93223,0.93244,1.75,1.00
2014.03.06 09:21:02.193,0.93223,0.93244,1.75,1.00
2014.03.06 09:21:03.509,0.9322,0.93244,2.25,1.00
2014.03.06 09:21:04.107,0.93223,0.93244,1.75,1.00
2014.03.06 09:21:16.957,0.93221,0.93244,1.75,1.00
2014.03.06 09:21:17.117,0.93221,0.93254,1.75,2.25
2014.03.06 09:21:17.168,0.93221,0.93254,1.75,3.00
2014.03.06 09:21:21.917,0.9322,0.93254,1.75,2.63
2014.03.06 09:21:22.394,0.9322,0.93254,1.75,2.63
2014.03.06 09:21:25.667,0.93224,0.93254,1.13,1.88
2014.03.06 09:21:26.088,0.93226,0.93254,1.00,1.50
2014.03.06 09:21:26.157,0.93224,0.93254,1.13,1.88
2014.03.06 09:21:26.608,0.93227,0.93254,1.00,1.13
2014.03.06 09:21:26.658,0.93229,0.93258,1.00,1.38
2014.03.06 09:21:26.967,0.93229,0.93258,1.38,1.00
2014.03.06 09:21:27.309,0.93227,0.93253,1.38,1.00
2014.03.06 09:21:27.359,0.93229,0.93258,1.13,1.38
2014.03.06 09:21:27.410,0.93229,0.93258,1.38,1.00
2014.03.06 09:21:28.046,0.9323,0.93258,1.88,1.00
2014.03.06 09:21:28.586,0.93235,0.93258,1.13,1.00
2014.03.06 09:21:29.277,0.93235,0.93258,1.88,1.00
2014.03.06 09:21:29.705,0.93235,0.93264,1.88,1.00
2014.03.06 09:21:33.067,0.93237,0.93267,1.38,1.38
2014.03.06 09:21:33.188,0.93237,0.93268,1.88,1.38
2014.03.06 09:21:33.408,0.93237,0.93268,1.88,1.13
2014.03.06 09:21:33.927,0.93241,0.93268,1.38,1.13
2014.03.06 09:21:40.571,0.9324,0.93268,1.98,1.00
2014.03.06 09:21:40.621,0.93245,0.93271,1.38,2.25
2014.03.06 09:21:40.672,0.93245,0.93272,1.13,1.00
2014.03.06 09:21:40.772,0.93248,0.93274,1.38,1.00
2014.03.06 09:21:40.873,0.93248,0.93278,1.38,1.50
2014.03.06 09:21:40.923,0.93248,0.93278,1.38,1.50
2014.03.06 09:21:41.226,0.93245,0.93268,1.38,1.00
2014.03.06 09:21:41.376,0.93242,0.93268,2.25,1.00
2014.03.06 09:21:41.481,0.93243,0.93268,1.38,1.00
2014.03.06 09:21:42.146,0.93243,0.93268,1.00,1.13
2014.03.06 09:21:44.759,0.93243,0.93268,1.38,1.00
2014.03.06 09:21:44.809,0.93246,0.93275,1.38,1.50
2014.03.06 09:21:44.960,0.93246,0.93275,1.38,1.00
2014.03.06 09:21:45.011,0.93248,0.93279,1.38,1.00
2014.03.06 09:21:47.942,0.93252,0.93279,1.38,1.00
2014.03.06 09:21:48.097,0.93252,0.93274,1.38,1.00
2014.03.06 09:21:48.712,0.93249,0.93274,1.38,1.00
2014.03.06 09:21:49.361,0.93249,0.93274,1.38,1.00
2014.03.06 09:21:50.367,0.93249,0.93274,1.13,1.00
2014.03.06 09:21:51.057,0.93243,0.93273,1.38,1.00
2014.03.06 09:21:51.107,0.93243,0.93269,1.38,1.00
2014.03.06 09:21:51.474,0.93237,0.93269,2.63,1.13
2014.03.06 09:21:51.627,0.93237,0.93263,1.13,1.00
2014.03.06 09:21:51.677,0.93237,0.93263,1.13,1.00
2014.03.06 09:21:52.156,0.93234,0.93263,1.38,1.00
2014.03.06 09:21:52.408,0.93242,0.93269,1.38,1.00
2014.03.06 09:21:52.458,0.93242,0.93272,1.38,1.38
2014.03.06 09:21:52.659,0.93242,0.93272,1.38,1.38
2014.03.06 09:21:53.817,0.93241,0.93269,1.38,1.00
2014.03.06 09:21:54.367,0.93242,0.93271,1.38,1.13
2014.03.06 09:21:54.418,0.93242,0.93271,1.38,1.13
2014.03.06 09:21:54.866,0.93248,0.93273,1.38,1.38
2014.03.06 09:21:54.967,0.93248,0.93273,1.38,1.00
2014.03.06 09:21:56.075,0.93248,0.93273,1.38,1.00
2014.03.06 09:21:56.616,0.93248,0.93273,1.38,1.00
2014.03.06 09:21:56.767,0.93244,0.93273,1.38,1.00
2014.03.06 09:21:56.818,0.93244,0.93276,1.38,1.00
2014.03.06 09:21:58.042,0.93244,0.93276,1.38,1.00
2014.03.06 09:21:58.437,0.93246,0.93279,1.38,1.38
2014.03.06 09:21:58.627,0.93246,0.93279,1.38,1.13
2014.03.06 09:21:58.936,0.93246,0.93273,1.38,1.00
2014.03.06 09:22:00.247,0.93243,0.93273,1.38,1.00
2014.03.06 09:22:00.567,0.93247,0.93276,1.38,1.00
2014.03.06 09:22:00.719,0.93247,0.93276,1.38,1.00
2014.03.06 09:22:00.769,0.93247,0.93278,1.38,1.00
2014.03.06 09:22:01.236,0.93247,0.93275,1.38,1.38
2014.03.06 09:22:01.685,0.93245,0.93272,1.38,1.00
2014.03.06 09:22:02.056,0.93244,0.93273,1.38,1.00
2014.03.06 09:22:02.567,0.93249,0.93273,1.38,1.00
2014.03.06 09:22:02.668,0.93249,0.93278,1.38,1.50
2014.03.06 09:22:02.718,0.93249,0.93278,1.38,1.38
2014.03.06 09:22:02.820,0.93249,0.93278,1.38,1.00
2014.03.06 09:22:02.870,0.93249,0.93274,1.38,1.00
2014.03.06 09:22:02.921,0.93249,0.93274,1.00,1.13
2014.03.06 09:22:03.021,0.93245,0.93274,1.88,1.13
2014.03.06 09:22:04.565,0.93246,0.93274,1.13,1.38
2014.03.06 09:22:04.666,0.93246,0.93274,1.38,1.13
2014.03.06 09:22:05.859,0.93246,0.93274,1.38,1.13
2014.03.06 09:22:07.751,0.93246,0.93274,1.88,1.00
2014.03.06 09:22:08.167,0.93246,0.93274,1.88,1.13
2014.03.06 09:22:08.438,0.93247,0.93269,1.00,1.00
2014.03.06 09:22:08.827,0.93246,0.93264,1.88,1.00
2014.03.06 09:22:08.978,0.9324,0.93264,2.25,1.00
2014.03.06 09:22:09.079,0.9324,0.93269,2.25,1.00
2014.03.06 09:22:09.180,0.9324,0.93269,1.75,1.00
2014.03.06 09:22:09.716,0.93247,0.93269,1.38,1.00
2014.03.06 09:22:09.817,0.93247,0.93273,1.38,1.00
2014.03.06 09:22:10.367,0.9325,0.93273,1.00,1.00
2014.03.06 09:22:14.928,0.93248,0.93278,1.38,1.38
2014.03.06 09:22:15.207,0.93249,0.93278,3.00,1.00
2014.03.06 09:22:19.986,0.93248,0.93278,2.25,1.00
2014.03.06 09:22:20.137,0.93248,0.93268,1.75,1.00
2014.03.06 09:22:20.338,0.9325,0.93278,1.50,1.73
2014.03.06 09:22:20.388,0.9325,0.93278,1.50,1.00
2014.03.06 09:22:20.712,0.93251,0.93279,1.00,1.38
2014.03.06 09:22:20.929,0.93251,0.93279,1.38,1.13
2014.03.06 09:22:21.916,0.93251,0.93279,1.38,1.00
2014.03.06 09:22:22.237,0.93248,0.93264,1.50,1.00
2014.03.06 09:22:22.337,0.93245,0.93268,1.13,1.00
2014.03.06 09:22:22.906,0.93247,0.93273,2.10,1.00
2014.03.06 09:22:22.957,0.93248,0.93273,1.13,1.00
2014.03.06 09:22:23.119,0.93249,0.93278,2.25,1.00
2014.03.06 09:22:23.270,0.93251,0.93278,2.63,1.00
2014.03.06 09:22:24.317,0.93251,0.93269,1.50,1.00
2014.03.06 09:22:26.097,0.93251,0.93278,1.00,1.38
2014.03.06 09:22:26.248,0.93251,0.93278,1.38,1.00
2014.03.06 09:22:26.863,0.93251,0.93278,1.50,1.00
2014.03.06 09:22:26.913,0.93252,0.93278,1.38,1.00
2014.03.06 09:22:27.203,0.93252,0.93278,1.13,1.00
2014.03.06 09:22:29.211,0.93252,0.93278,2.25,1.00
2014.03.06 09:22:29.320,0.93252,0.93278,2.25,1.00
2014.03.06 09:22:29.370,0.93256,0.93283,1.00,1.38
2014.03.06 09:22:29.421,0.93257,0.93289,1.38,2.25
2014.03.06 09:22:29.649,0.93258,0.93289,1.50,1.50
2014.03.06 09:22:30.057,0.93258,0.93289,1.50,1.50
2014.03.06 09:22:30.208,0.93257,0.93284,1.13,1.00
2014.03.06 09:22:30.391,0.93257,0.93284,1.00,1.38
2014.03.06 09:22:30.573,0.93254,0.93284,1.13,1.38
2014.03.06 09:22:30.785,0.93254,0.93278,1.13,1.00
2014.03.06 09:22:30.935,0.93251,0.93278,1.38,1.00
2014.03.06 09:22:31.543,0.93251,0.93278,1.38,1.38
2014.03.06 09:22:32.226,0.93252,0.93278,1.50,1.00
2014.03.06 09:22:33.035,0.93253,0.93278,1.00,1.00
2014.03.06 09:22:34.347,0.93253,0.93278,1.00,1.38
2014.03.06 09:22:35.556,0.93253,0.93278,1.00,1.00
2014.03.06 09:22:35.937,0.93255,0.93279,1.38,1.00
2014.03.06 09:22:36.554,0.93255,0.93279,1.13,1.00
2014.03.06 09:22:36.936,0.93252,0.93278,1.88,1.00
2014.03.06 09:22:37.485,0.93253,0.93278,1.00,1.00
2014.03.06 09:22:40.508,0.93253,0.93278,1.38,1.00
2014.03.06 09:22:40.827,0.93253,0.93268,1.38,1.00
2014.03.06 09:22:41.388,0.93253,0.93268,1.38,1.00
2014.03.06 09:22:41.855,0.93253,0.93268,1.00,1.00
2014.03.06 09:22:42.093,0.93253,0.93274,1.00,1.00
2014.03.06 09:22:42.194,0.93249,0.93274,1.38,1.00
2014.03.06 09:22:44.386,0.93248,0.93274,1.00,1.00
2014.03.06 09:22:44.575,0.93248,0.93278,1.00,1.38
2014.03.06 09:22:44.735,0.93247,0.93278,2.63,1.13
2014.03.06 09:22:46.365,0.93247,0.93278,2.63,1.00
2014.03.06 09:22:46.726,0.93253,0.93278,1.38,1.00
2014.03.06 09:22:46.915,0.93253,0.93278,1.38,1.00
2014.03.06 09:22:47.106,0.93256,0.93285,1.00,1.38
2014.03.06 09:22:47.257,0.93256,0.93289,1.88,1.75
2014.03.06 09:22:50.345,0.93256,0.93284,2.25,1.00
2014.03.06 09:22:50.446,0.93256,0.93284,1.13,1.13
2014.03.06 09:22:50.981,0.93256,0.93284,1.50,1.13
2014.03.06 09:22:54.637,0.93256,0.93284,1.50,1.38
2014.03.06 09:22:56.607,0.93256,0.93284,1.13,1.38
2014.03.06 09:22:59.865,0.93256,0.93279,1.13,1.00
2014.03.06 09:23:00.305,0.93253,0.93284,1.13,1.38
2014.03.06 09:23:00.470,0.93253,0.93284,1.13,1.38
2014.03.06 09:23:00.672,0.93256,0.93286,1.00,1.38
2014.03.06 09:23:01.655,0.93256,0.93286,1.00,1.38
2014.03.06 09:23:04.845,0.93256,0.93286,1.13,1.38
2014.03.06 09:23:06.086,0.93256,0.93286,1.00,1.38
2014.03.06 09:23:06.614,0.93253,0.93283,1.38,1.38
2014.03.06 09:23:09.106,0.93257,0.93286,1.00,1.38
2014.03.06 09:23:11.855,0.93261,0.93287,1.00,2.63
2014.03.06 09:23:11.906,0.93261,0.93287,1.38,1.00
2014.03.06 09:23:12.014,0.93261,0.93287,1.00,1.38
2014.03.06 09:23:16.416,0.93261,0.93294,1.50,3.00
2014.03.06 09:23:16.605,0.93261,0.93291,1.13,1.75
2014.03.06 09:23:40.316,0.93266,0.93293,1.00,1.50
2014.03.06 09:23:40.685,0.93261,0.93293,1.50,1.38
2014.03.06 09:23:40.735,0.93261,0.93293,1.50,1.38
2014.03.06 09:23:40.945,0.93261,0.93293,1.50,1.38
2014.03.06 09:23:42.294,0.93259,0.93284,1.38,1.00
2014.03.06 09:23:42.625,0.93261,0.93293,1.13,2.25
2014.03.06 09:23:42.875,0.93259,0.93284,1.38,1.00
2014.03.06 09:23:43.105,0.93263,0.93289,1.38,1.00
2014.03.06 09:23:43.155,0.93261,0.93289,1.00,1.38
2014.03.06 09:23:44.108,0.93261,0.93289,1.00,1.38
2014.03.06 09:23:46.034,0.93262,0.93293,1.00,2.25
2014.03.06 09:23:46.195,0.93262,0.93293,1.00,2.25
2014.03.06 09:23:48.514,0.93262,0.93293,1.00,2.25
2014.03.06 09:23:49.394,0.93262,0.93293,1.38,2.25
2014.03.06 09:23:49.555,0.93267,0.93293,1.00,1.75
2014.03.06 09:23:49.983,0.93267,0.93293,1.00,1.38
2014.03.06 09:23:52.265,0.93267,0.93294,1.00,1.50
2014.03.06 09:23:52.366,0.93267,0.93294,1.00,1.50
2014.03.06 09:23:53.355,0.93267,0.93294,1.00,1.50
2014.03.06 09:23:54.175,0.93267,0.93294,1.00,1.50
2014.03.06 09:23:54.328,0.93272,0.93294,1.00,2.25
2014.03.06 09:23:54.459,0.93272,0.93294,1.00,1.50
2014.03.06 09:23:55.604,0.93267,0.93296,1.00,1.38
2014.03.06 09:23:56.105,0.93267,0.93296,1.38,1.38
2014.03.06 09:23:56.655,0.93266,0.93296,1.13,1.38
2014.03.06 09:23:57.205,0.93266,0.93296,1.38,1.13
2014.03.06 09:23:57.754,0.93266,0.93298,1.00,1.75
2014.03.06 09:23:58.855,0.93266,0.93298,1.00,1.38
2014.03.06 09:23:59.006,0.93263,0.93294,1.13,1.88
2014.03.06 09:23:59.614,0.93262,0.93294,1.38,1.88
2014.03.06 09:24:00.405,0.93262,0.93294,1.38,1.88
2014.03.06 09:24:00.874,0.93267,0.93293,1.38,1.00
2014.03.06 09:24:01.185,0.93268,0.93293,1.38,1.00
2014.03.06 09:24:01.387,0.93272,0.93298,1.30,1.13
2014.03.06 09:24:01.438,0.93271,0.93298,1.98,1.00
2014.03.06 09:24:01.635,0.9327,0.93298,1.50,1.38
2014.03.06 09:24:02.298,0.9327,0.93298,1.50,1.00
2014.03.06 09:24:02.625,0.9327,0.93298,1.50,1.00
2014.03.06 09:24:05.905,0.93267,0.93298,2.25,1.00
2014.03.06 09:24:06.145,0.93272,0.93301,1.38,1.00
2014.03.06 09:24:06.195,0.93272,0.93303,1.88,1.13
2014.03.06 09:24:06.346,0.93274,0.93303,1.38,1.00
2014.03.06 09:24:06.597,0.93278,0.93308,1.38,1.75
2014.03.06 09:24:07.213,0.93282,0.93313,1.38,3.38
2014.03.06 09:24:07.885,0.93282,0.93308,1.00,1.00
2014.03.06 09:24:08.586,0.93281,0.93308,1.00,1.13
2014.03.06 09:24:12.946,0.93281,0.93312,1.88,1.13
2014.03.06 09:24:13.397,0.93281,0.93312,1.50,1.13
2014.03.06 09:24:18.614,0.93281,0.9331,1.50,1.00
2014.03.06 09:24:22.118,0.93281,0.93313,1.88,3.00
2014.03.06 09:24:22.315,0.93281,0.93308,1.13,1.00
2014.03.06 09:24:25.384,0.93278,0.93308,1.38,1.00
2014.03.06 09:24:29.125,0.93282,0.93308,1.38,1.00
2014.03.06 09:24:29.344,0.93282,0.93308,1.13,1.00
2014.03.06 09:24:34.735,0.93281,0.93308,1.13,1.00
2014.03.06 09:24:35.624,0.93281,0.93309,1.50,1.00
2014.03.06 09:24:35.725,0.93281,0.93313,1.88,2.25
2014.03.06 09:24:35.997,0.93281,0.93313,1.88,1.88
2014.03.06 09:24:38.747,0.93281,0.93309,1.38,1.13
2014.03.06 09:24:39.283,0.93281,0.93309,1.00,1.50
2014.03.06 09:24:44.755,0.93281,0.93308,1.00,1.00
2014.03.06 09:24:49.025,0.93278,0.93308,1.13,1.00
2014.03.06 09:24:53.615,0.93278,0.93309,1.13,1.13
2014.03.06 09:24:57.063,0.93278,0.93309,1.00,1.50
2014.03.06 09:24:58.475,0.93279,0.93309,1.00,1.50
2014.03.06 09:25:00.365,0.93279,0.93309,1.00,1.50
2014.03.06 09:25:01.894,0.93277,0.93309,1.50,2.25
2014.03.06 09:25:02.605,0.93277,0.93304,1.13,1.00
2014.03.06 09:25:05.085,0.93277,0.93304,1.60,1.00
2014.03.06 09:25:05.387,0.93281,0.93304,1.13,1.00
2014.03.06 09:25:05.437,0.93279,0.93304,1.75,1.00
2014.03.06 09:25:05.902,0.93277,0.93298,1.13,1.00
2014.03.06 09:25:05.952,0.93273,0.93298,2.25,1.00
2014.03.06 09:25:06.510,0.93274,0.93298,1.38,1.00
2014.03.06 09:25:07.077,0.93274,0.93303,1.88,1.00
2014.03.06 09:25:10.595,0.93274,0.93303,1.13,1.00
2014.03.06 09:25:10.645,0.93274,0.93298,1.00,1.00
2014.03.06 09:25:10.846,0.93274,0.93304,1.00,1.88
2014.03.06 09:25:13.594,0.93276,0.93304,1.00,1.00
2014.03.06 09:25:18.104,0.93274,0.93304,1.00,1.50
2014.03.06 09:25:18.205,0.93272,0.93304,1.13,2.25
2014.03.06 09:25:18.255,0.93272,0.93304,1.00,2.25
2014.03.06 09:25:18.356,0.93272,0.93304,1.00,2.25
2014.03.06 09:25:18.543,0.93274,0.93304,1.00,1.50
2014.03.06 09:25:19.292,0.93274,0.93304,1.13,1.50
2014.03.06 09:25:23.075,0.93274,0.93303,1.50,2.10
2014.03.06 09:25:23.377,0.93271,0.93298,1.75,1.38
2014.03.06 09:25:23.428,0.93271,0.93298,1.75,1.38
2014.03.06 09:25:23.793,0.93271,0.93299,1.00,1.38
2014.03.06 09:25:26.125,0.93271,0.93299,1.00,1.38
2014.03.06 09:25:28.824,0.93267,0.93299,1.50,1.38
2014.03.06 09:25:28.875,0.93268,0.93299,1.13,1.00
2014.03.06 09:25:29.393,0.93269,0.93293,1.50,1.00
2014.03.06 09:25:34.324,0.93269,0.93299,1.38,1.50
2014.03.06 09:25:38.394,0.93269,0.93293,1.50,1.00
2014.03.06 09:25:39.392,0.9327,0.93298,1.50,1.00
2014.03.06 09:25:40.588,0.9327,0.93298,1.38,1.00
2014.03.06 09:25:42.101,0.93269,0.93298,1.88,1.00
2014.03.06 09:25:50.854,0.93269,0.93298,1.75,1.00
2014.03.06 09:25:51.176,0.93272,0.93302,1.00,1.38
2014.03.06 09:25:51.227,0.93272,0.93302,1.38,1.50
2014.03.06 09:25:51.542,0.93273,0.93302,1.38,1.00
2014.03.06 09:25:51.649,0.93273,0.93302,1.38,1.00
2014.03.06 09:25:51.813,0.93273,0.93298,1.38,1.00
2014.03.06 09:25:52.273,0.93273,0.93298,1.38,1.00
2014.03.06 09:25:53.795,0.93273,0.93302,1.38,1.00
2014.03.06 09:25:54.164,0.93273,0.93302,1.38,1.00
2014.03.06 09:25:54.604,0.93273,0.93299,1.38,1.00
2014.03.06 09:25:54.934,0.9327,0.93294,1.50,1.00
2014.03.06 09:25:55.153,0.9327,0.93294,1.50,1.00
2014.03.06 09:25:56.363,0.9327,0.93294,1.00,1.00
2014.03.06 09:25:56.530,0.93268,0.93294,1.00,1.00
2014.03.06 09:25:58.773,0.93268,0.93294,1.38,1.00
2014.03.06 09:25:59.083,0.93268,0.93289,1.13,1.00
2014.03.06 09:25:59.318,0.93268,0.93293,1.13,1.00
2014.03.06 09:26:05.564,0.93267,0.93298,1.38,1.00
2014.03.06 09:26:06.440,0.93269,0.93298,1.13,1.00
2014.03.06 09:26:07.903,0.93276,0.93303,1.00,2.25
2014.03.06 09:26:07.954,0.93276,0.93303,1.38,2.25
2014.03.06 09:26:08.144,0.93274,0.93304,1.38,1.50
2014.03.06 09:26:08.432,0.93272,0.93298,1.88,1.00
2014.03.06 09:26:08.739,0.93272,0.93294,1.38,1.00
2014.03.06 09:26:08.890,0.93272,0.93299,1.38,1.00
2014.03.06 09:26:08.941,0.93272,0.93299,1.13,1.00
2014.03.06 09:26:10.123,0.93272,0.93299,1.13,1.00
2014.03.06 09:26:13.803,0.93272,0.93303,1.88,1.38
2014.03.06 09:26:14.394,0.93272,0.93303,1.88,1.00
2014.03.06 09:26:14.444,0.93272,0.93303,1.88,1.00
2014.03.06 09:26:14.853,0.93272,0.93303,1.88,1.00
2014.03.06 09:26:18.814,0.93272,0.93303,1.88,1.00
2014.03.06 09:26:19.297,0.93272,0.93298,1.13,1.00
2014.03.06 09:26:20.932,0.93272,0.93298,1.13,1.00
2014.03.06 09:26:21.480,0.93272,0.93298,1.38,1.00
2014.03.06 09:26:21.764,0.93266,0.93299,1.50,1.00
2014.03.06 09:26:21.865,0.93266,0.93294,1.50,1.00
2014.03.06 09:26:22.066,0.93266,0.93297,1.50,1.00
2014.03.06 09:26:22.603,0.93266,0.93293,1.50,1.00
2014.03.06 09:26:22.823,0.93266,0.93296,1.50,1.00
2014.03.06 09:26:23.194,0.93264,0.93296,1.38,1.00
2014.03.06 09:26:23.245,0.93263,0.93293,1.00,1.00
2014.03.06 09:26:23.949,0.93262,0.93292,1.00,1.00
2014.03.06 09:26:27.232,0.93261,0.93292,1.00,1.00
2014.03.06 09:26:34.964,0.93263,0.93292,1.75,1.00
2014.03.06 09:26:35.065,0.93263,0.93294,1.75,1.50
2014.03.06 09:26:35.216,0.93267,0.93296,1.00,1.50
2014.03.06 09:26:36.644,0.93264,0.93296,1.00,1.13
2014.03.06 09:26:37.964,0.93264,0.93296,1.00,1.38
2014.03.06 09:26:42.982,0.93261,0.93293,1.88,1.00
2014.03.06 09:26:54.034,0.93261,0.93293,1.00,1.00
2014.03.06 09:26:54.372,0.93263,0.93294,1.13,1.00
2014.03.06 09:26:54.480,0.9326,0.93294,1.38,1.50
2014.03.06 09:26:54.688,0.93264,0.93295,1.00,1.00
2014.03.06 09:26:55.333,0.93264,0.93295,1.38,1.00
2014.03.06 09:26:56.086,0.93264,0.93294,1.38,1.00
2014.03.06 09:26:56.587,0.93264,0.93294,1.38,1.00
2014.03.06 09:26:57.603,0.93264,0.93296,1.38,1.38
2014.03.06 09:26:59.843,0.93264,0.93295,1.38,1.13
2014.03.06 09:26:59.894,0.93262,0.93293,1.38,1.13
2014.03.06 09:27:00.113,0.93263,0.93288,1.38,1.00
2014.03.06 09:27:00.214,0.93257,0.93288,1.50,1.38
2014.03.06 09:27:00.633,0.93257,0.93288,1.50,1.38
2014.03.06 09:27:13.401,0.93261,0.93289,1.13,1.00
2014.03.06 09:27:13.643,0.93261,0.93289,1.38,1.00
2014.03.06 09:27:14.185,0.93259,0.93291,1.38,1.38
2014.03.06 09:27:17.452,0.93262,0.93293,1.38,1.50
2014.03.06 09:27:18.143,0.93261,0.93289,1.38,1.00
2014.03.06 09:27:21.889,0.93262,0.93293,1.38,2.25
2014.03.06 09:27:22.402,0.93261,0.93289,1.38,1.00
2014.03.06 09:27:24.593,0.93262,0.93293,1.38,3.00
2014.03.06 09:27:28.857,0.93262,0.93292,1.38,1.00
2014.03.06 09:27:28.907,0.93261,0.93289,1.38,1.00
2014.03.06 09:27:33.832,0.93261,0.93292,1.88,1.00
2014.03.06 09:27:38.682,0.93261,0.93294,1.88,2.25
2014.03.06 09:27:38.782,0.93261,0.93294,1.88,1.00
2014.03.06 09:27:39.015,0.93266,0.93294,1.38,1.00
2014.03.06 09:27:39.521,0.93267,0.93294,1.13,1.00
2014.03.06 09:27:43.855,0.9327,0.93299,1.00,1.38
2014.03.06 09:27:44.207,0.9327,0.93299,1.38,1.00
2014.03.06 09:27:46.392,0.9327,0.93293,1.38,1.00
2014.03.06 09:27:46.621,0.9327,0.93293,1.00,1.00
2014.03.06 09:27:49.333,0.9327,0.93292,1.00,2.48
2014.03.06 09:27:49.385,0.93266,0.93289,1.00,1.73
2014.03.06 09:27:49.486,0.93261,0.93289,1.00,1.73
2014.03.06 09:27:49.590,0.93261,0.93289,1.00,1.73
2014.03.06 09:28:05.862,0.93258,0.93288,1.00,1.38
2014.03.06 09:28:05.962,0.93258,0.93288,1.38,1.38
2014.03.06 09:28:06.013,0.9326,0.93288,1.00,1.38
2014.03.06 09:28:06.248,0.9326,0.93288,1.38,1.00
2014.03.06 09:28:13.133,0.9326,0.93279,1.00,1.00
2014.03.06 09:28:13.234,0.93258,0.93279,1.00,1.00
2014.03.06 09:28:13.871,0.93262,0.93286,1.00,1.13
2014.03.06 09:28:15.120,0.93258,0.93287,1.38,1.13
2014.03.06 09:28:15.221,0.93258,0.93288,1.38,1.38
2014.03.06 09:28:15.272,0.93258,0.93288,1.00,1.38
2014.03.06 09:28:23.113,0.93257,0.93288,1.88,1.38
2014.03.06 09:28:28.152,0.93254,0.93278,1.50,1.00
2014.03.06 09:28:28.572,0.93254,0.93283,1.13,1.00
2014.03.06 09:28:28.800,0.93254,0.93279,1.13,1.00
2014.03.06 09:28:29.143,0.93249,0.93279,2.25,1.38
2014.03.06 09:28:30.900,0.93249,0.93279,1.00,1.38
2014.03.06 09:28:37.661,0.93246,0.93278,1.88,1.13
2014.03.06 09:28:44.922,0.93249,0.93279,1.38,1.38
2014.03.06 09:28:45.463,0.93251,0.9328,1.00,1.50
2014.03.06 09:28:49.790,0.93249,0.93274,1.38,1.00
2014.03.06 09:28:50.270,0.93249,0.93274,1.00,1.38
2014.03.06 09:28:51.505,0.93246,0.93274,1.88,1.38
2014.03.06 09:28:58.460,0.93246,0.93274,1.88,1.50
2014.03.06 09:28:58.593,0.93246,0.93268,1.38,1.00
2014.03.06 09:28:59.066,0.93247,0.93273,1.13,1.00
2014.03.06 09:28:59.168,0.93246,0.93268,1.38,1.00
2014.03.06 09:28:59.269,0.93242,0.93268,1.50,1.00
2014.03.06 09:28:59.459,0.93242,0.93268,1.00,1.38
2014.03.06 09:28:59.510,0.93238,0.93268,1.00,1.38
2014.03.06 09:28:59.920,0.93238,0.93268,1.38,1.38
2014.03.06 09:29:00.270,0.93238,0.93268,1.38,1.00
2014.03.06 09:29:00.792,0.93238,0.93268,1.38,1.00
2014.03.06 09:29:03.550,0.93242,0.9327,1.38,1.38
2014.03.06 09:29:06.632,0.9324,0.93268,1.38,1.00
2014.03.06 09:29:07.319,0.93242,0.93273,1.38,1.50
2014.03.06 09:29:12.130,0.9324,0.93268,1.38,1.00
2014.03.06 09:29:12.860,0.93242,0.93273,1.38,1.50
2014.03.06 09:29:26.390,0.93247,0.93275,1.00,1.50
2014.03.06 09:29:31.312,0.93247,0.93269,1.00,2.48
2014.03.06 09:29:31.413,0.93241,0.93269,1.38,3.23
2014.03.06 09:29:31.463,0.93241,0.93269,1.00,3.60
2014.03.06 09:29:31.764,0.93245,0.93273,1.00,1.75
2014.03.06 09:29:31.815,0.93246,0.93274,1.00,1.75
2014.03.06 09:29:31.915,0.93246,0.93274,1.00,1.38
2014.03.06 09:29:32.552,0.93245,0.93274,1.13,1.38
2014.03.06 09:29:32.995,0.93242,0.93274,1.13,1.88
2014.03.06 09:29:35.301,0.93246,0.93274,1.00,1.38
2014.03.06 09:29:35.810,0.93246,0.9327,1.00,1.88
2014.03.06 09:29:36.072,0.93241,0.93267,1.38,1.35
2014.03.06 09:29:36.577,0.93242,0.9327,1.13,1.88
2014.03.06 09:29:36.799,0.93242,0.93272,1.13,1.38
2014.03.06 09:29:40.540,0.93244,0.93273,1.00,1.38
2014.03.06 09:29:40.841,0.93244,0.93273,1.00,1.38
2014.03.06 09:29:40.892,0.93242,0.93273,1.00,1.88
2014.03.06 09:29:41.199,0.93243,0.93273,1.00,1.50
2014.03.06 09:29:41.531,0.93246,0.93275,1.00,1.38
2014.03.06 09:29:41.640,0.93243,0.93273,1.00,1.38
2014.03.06 09:29:41.740,0.9324,0.93272,1.00,1.38
2014.03.06 09:29:54.370,0.9324,0.93268,1.38,1.00
2014.03.06 09:29:54.965,0.9324,0.93272,1.38,1.38
2014.03.06 09:30:01.455,0.9324,0.93272,1.38,1.00
2014.03.06 09:30:01.561,0.9324,0.93272,1.13,1.38
2014.03.06 09:30:02.379,0.9324,0.93269,1.13,1.00
2014.03.06 09:30:02.820,0.9324,0.93272,1.13,1.38
2014.03.06 09:30:02.979,0.9324,0.93272,1.13,1.38
2014.03.06 09:30:05.001,0.93238,0.93272,1.38,1.38
2014.03.06 09:30:05.507,0.93238,0.93272,1.38,1.38
2014.03.06 09:30:06.391,0.93236,0.93268,1.75,1.00
2014.03.06 09:30:06.725,0.93243,0.93274,1.38,1.38
2014.03.06 09:30:07.433,0.93243,0.93274,1.38,1.38
2014.03.06 09:30:09.148,0.93243,0.93274,1.38,1.38
2014.03.06 09:30:10.459,0.93243,0.93274,1.38,1.38
2014.03.06 09:30:10.660,0.93243,0.93274,1.38,1.13
2014.03.06 09:30:11.548,0.93243,0.93274,1.38,1.38
2014.03.06 09:30:12.177,0.93244,0.93274,1.38,1.00
2014.03.06 09:30:12.328,0.93244,0.93274,1.50,1.00
2014.03.06 09:30:12.676,0.93257,0.93284,1.00,1.13
2014.03.06 09:30:12.777,0.93268,0.93293,1.13,1.88
2014.03.06 09:30:12.878,0.93264,0.93293,1.00,1.38
2014.03.06 09:30:12.928,0.93265,0.93293,1.38,1.50
2014.03.06 09:30:13.131,0.93263,0.93297,3.00,1.38
2014.03.06 09:30:13.231,0.93268,0.93298,1.13,1.38
2014.03.06 09:30:13.332,0.93268,0.93294,1.13,1.00
2014.03.06 09:30:13.483,0.93264,0.93294,1.00,1.50
2014.03.06 09:30:13.534,0.93264,0.93289,1.00,1.13
2014.03.06 09:30:13.634,0.93261,0.93289,1.13,1.13
2014.03.06 09:30:13.685,0.93261,0.93289,1.50,1.13
2014.03.06 09:30:14.204,0.93264,0.93289,1.38,1.13
2014.03.06 09:30:14.559,0.93264,0.93289,1.38,1.00
2014.03.06 09:30:15.060,0.93264,0.93294,1.38,1.75
2014.03.06 09:30:15.211,0.93254,0.93284,1.38,1.13
2014.03.06 09:30:15.462,0.93254,0.93284,1.38,1.75
2014.03.06 09:30:15.649,0.9325,0.93279,1.75,1.00
2014.03.06 09:30:15.861,0.9325,0.93273,1.75,1.00
2014.03.06 09:30:18.631,0.93248,0.93278,1.50,1.50
2014.03.06 09:30:18.732,0.9325,0.93278,1.75,1.00
2014.03.06 09:30:18.832,0.93253,0.9328,1.13,1.13
2014.03.06 09:30:18.933,0.93253,0.93282,1.50,1.75
2014.03.06 09:30:19.033,0.93253,0.93283,1.50,1.75
2014.03.06 09:30:19.084,0.93261,0.93283,1.00,1.00
2014.03.06 09:30:19.234,0.93261,0.93289,1.13,1.75
2014.03.06 09:30:19.390,0.93257,0.93284,1.13,1.38
2014.03.06 09:30:21.380,0.93257,0.93285,2.25,1.00
2014.03.06 09:30:21.481,0.93262,0.93288,1.00,1.00
2014.03.06 09:30:21.699,0.93261,0.93288,1.38,1.00
2014.03.06 09:30:22.230,0.93265,0.93288,1.50,1.00
2014.03.06 09:30:22.349,0.93268,0.93293,1.00,1.00
2014.03.06 09:30:22.450,0.93267,0.93293,2.25,1.00
2014.03.06 09:30:22.751,0.93263,0.93288,1.75,1.00
2014.03.06 09:30:22.902,0.93263,0.93288,1.38,1.00
2014.03.06 09:30:23.099,0.93263,0.93288,1.38,1.00
2014.03.06 09:30:23.409,0.93263,0.93284,1.38,1.00
2014.03.06 09:30:23.460,0.93263,0.93284,1.00,1.00
2014.03.06 09:30:23.560,0.93263,0.93289,1.00,1.00
2014.03.06 09:30:24.109,0.93263,0.93283,1.88,1.00
2014.03.06 09:30:24.373,0.93263,0.93289,1.88,1.00
2014.03.06 09:30:28.482,0.93264,0.93293,1.13,1.00
2014.03.06 09:30:29.152,0.93264,0.93288,1.00,1.00
2014.03.06 09:30:29.253,0.93261,0.93288,1.00,1.00
2014.03.06 09:30:42.651,0.93263,0.93288,1.00,1.00
2014.03.06 09:30:44.059,0.93265,0.93288,1.00,1.00
2014.03.06 09:30:49.610,0.93263,0.93288,1.00,1.00
2014.03.06 09:30:49.716,0.9326,0.93288,1.13,1.00
2014.03.06 09:31:10.194,0.93257,0.93288,1.88,1.38
2014.03.06 09:31:10.628,0.93257,0.93288,1.88,1.00
2014.03.06 09:31:13.889,0.93259,0.93284,1.13,1.00
2014.03.06 09:31:18.838,0.93259,0.93288,1.13,1.00
2014.03.06 09:31:25.059,0.93259,0.93283,1.13,1.00
2014.03.06 09:31:31.848,0.93257,0.93283,1.88,1.50
2014.03.06 09:31:31.898,0.93257,0.93283,1.50,1.88
2014.03.06 09:31:32.100,0.93256,0.93279,1.13,1.00
2014.03.06 09:31:32.537,0.93256,0.93283,1.13,1.38
2014.03.06 09:31:37.818,0.93256,0.93278,1.00,1.00
2014.03.06 09:31:38.258,0.93256,0.93283,1.00,1.38
2014.03.06 09:31:38.908,0.93256,0.93282,1.13,1.73
2014.03.06 09:31:39.579,0.93252,0.93278,2.25,1.00
2014.03.06 09:31:40.084,0.93253,0.93278,1.75,1.00
2014.03.06 09:31:40.184,0.93255,0.93282,1.75,1.00
2014.03.06 09:31:40.436,0.93258,0.93283,1.38,1.00
2014.03.06 09:31:40.787,0.93258,0.93288,1.38,1.00
2014.03.06 09:31:41.333,0.93262,0.93289,1.38,1.00
2014.03.06 09:31:41.433,0.93262,0.93289,1.38,1.00
2014.03.06 09:31:42.130,0.93266,0.93284,1.38,1.00
2014.03.06 09:31:42.401,0.93261,0.93284,1.38,1.00
2014.03.06 09:31:43.087,0.9326,0.93284,1.38,1.00
2014.03.06 09:31:43.138,0.9326,0.93289,1.38,1.13
2014.03.06 09:31:44.332,0.9326,0.93289,1.38,1.00
2014.03.06 09:31:44.749,0.9326,0.93283,1.38,1.00
2014.03.06 09:31:46.478,0.9326,0.93283,1.00,1.00
2014.03.06 09:31:46.619,0.9326,0.93289,1.00,1.38
2014.03.06 09:31:47.377,0.9326,0.93292,1.13,1.00
2014.03.06 09:31:47.428,0.93263,0.93292,1.00,1.00
2014.03.06 09:31:47.748,0.93263,0.93293,1.38,1.88
2014.03.06 09:31:49.148,0.93263,0.93293,1.38,1.13
2014.03.06 09:31:57.340,0.93265,0.93293,1.13,1.88
2014.03.06 09:31:57.642,0.93261,0.93278,1.38,1.00
2014.03.06 09:31:57.742,0.93251,0.93278,1.38,1.75
2014.03.06 09:31:57.795,0.93251,0.93278,1.38,1.75
2014.03.06 09:31:57.946,0.93253,0.93281,1.75,1.75
2014.03.06 09:31:57.997,0.93253,0.93283,1.88,1.00
2014.03.06 09:31:58.097,0.93253,0.93287,1.88,1.00
2014.03.06 09:31:58.657,0.93257,0.93288,1.00,1.13
2014.03.06 09:31:58.708,0.93257,0.93288,1.38,1.13
2014.03.06 09:31:59.263,0.9326,0.93292,1.00,1.13
2014.03.06 09:32:02.661,0.9326,0.93288,1.00,1.00
2014.03.06 09:32:03.098,0.9326,0.93292,1.00,1.13
2014.03.06 09:32:03.319,0.9326,0.93289,1.00,1.00
2014.03.06 09:32:04.088,0.9326,0.93292,1.00,1.13
2014.03.06 09:32:04.308,0.9326,0.93289,1.00,1.00
2014.03.06 09:32:04.640,0.9326,0.93278,1.00,1.00
2014.03.06 09:32:04.741,0.93252,0.93278,1.00,1.00
2014.03.06 09:32:04.948,0.9325,0.93278,1.38,1.38
2014.03.06 09:32:05.172,0.93255,0.93283,1.00,1.00
2014.03.06 09:32:05.273,0.93256,0.93283,1.38,1.00
2014.03.06 09:32:05.323,0.93256,0.93288,1.38,1.38
2014.03.06 09:32:05.525,0.93259,0.93288,1.00,1.00
2014.03.06 09:32:08.319,0.93259,0.93284,1.00,1.75
2014.03.06 09:32:08.621,0.93251,0.93279,1.88,1.13
2014.03.06 09:32:09.859,0.93255,0.93283,2.10,1.38
2014.03.06 09:32:10.165,0.93263,0.93279,1.00,1.13
2014.03.06 09:32:10.215,0.93254,0.93279,1.50,1.13
2014.03.06 09:32:10.266,0.93254,0.93279,1.13,1.13
2014.03.06 09:32:10.367,0.93254,0.93273,1.50,1.00
2014.03.06 09:32:13.437,0.93256,0.93273,1.00,1.00
2014.03.06 09:32:13.688,0.93247,0.93273,1.88,1.00
2014.03.06 09:32:19.176,0.93253,0.93273,1.38,1.00
2014.03.06 09:32:19.277,0.93253,0.93273,1.00,1.00
2014.03.06 09:32:19.378,0.93251,0.93273,1.00,1.38
2014.03.06 09:32:20.046,0.93247,0.93273,1.88,1.38
2014.03.06 09:32:20.357,0.93247,0.93273,1.88,1.13
2014.03.06 09:32:20.666,0.93248,0.93273,1.00,1.13
2014.03.06 09:32:29.547,0.93252,0.93278,1.00,1.38
2014.03.06 09:32:29.597,0.93252,0.93278,1.38,1.00
2014.03.06 09:32:29.950,0.93256,0.93284,1.00,1.38
2014.03.06 09:32:30.233,0.93253,0.93284,1.38,1.38
2014.03.06 09:32:31.308,0.93253,0.93278,1.38,1.00
2014.03.06 09:32:36.851,0.93253,0.93278,1.38,1.00
2014.03.06 09:32:46.046,0.93253,0.93284,1.38,1.38
2014.03.06 09:32:46.197,0.93261,0.93284,1.00,1.38
2014.03.06 09:32:47.365,0.93261,0.93284,1.00,1.00
2014.03.06 09:32:50.896,0.93261,0.93288,1.00,1.38
2014.03.06 09:32:51.102,0.93261,0.93288,1.38,1.00
2014.03.06 09:32:51.202,0.93261,0.93294,1.88,2.25
2014.03.06 09:32:52.597,0.93264,0.93294,1.13,1.75
2014.03.06 09:32:53.187,0.93264,0.93289,1.00,1.38
2014.03.06 09:32:53.389,0.93262,0.93294,1.00,2.25
2014.03.06 09:32:53.489,0.93262,0.9329,1.38,1.00
2014.03.06 09:32:54.342,0.93264,0.93294,1.50,1.38
2014.03.06 09:32:56.896,0.93264,0.93294,1.38,1.13
2014.03.06 09:32:57.148,0.93264,0.93288,1.38,1.00
2014.03.06 09:32:57.546,0.93262,0.93293,1.38,1.13
2014.03.06 09:33:02.386,0.93265,0.93294,1.38,1.38
2014.03.06 09:33:03.706,0.93266,0.93294,1.38,1.00
2014.03.06 09:33:05.472,0.93266,0.93294,1.00,1.38
2014.03.06 09:33:09.635,0.93268,0.93294,1.00,1.38
2014.03.06 09:33:14.588,0.93271,0.93294,2.10,1.38
2014.03.06 09:33:14.638,0.93276,0.933,1.13,1.00
2014.03.06 09:33:14.689,0.93278,0.93302,1.00,1.00
2014.03.06 09:33:14.990,0.93268,0.93294,1.13,1.38
2014.03.06 09:33:15.246,0.93266,0.93294,2.25,1.38
2014.03.06 09:33:15.397,0.93264,0.93293,1.38,1.38
2014.03.06 09:33:15.922,0.93266,0.93293,1.13,1.38
2014.03.06 09:33:16.186,0.93266,0.93293,1.88,1.00
2014.03.06 09:33:16.857,0.93269,0.93293,1.13,1.00
2014.03.06 09:33:23.166,0.93267,0.93293,1.38,1.00
2014.03.06 09:33:23.286,0.93267,0.93299,1.38,1.88
2014.03.06 09:33:23.508,0.9327,0.93299,1.13,1.38
2014.03.06 09:33:23.558,0.9327,0.93299,1.38,1.13
2014.03.06 09:33:23.659,0.9327,0.93294,1.38,1.00
2014.03.06 09:33:23.836,0.9327,0.93298,1.38,1.00
2014.03.06 09:33:23.987,0.9327,0.93298,1.38,1.00
2014.03.06 09:33:28.457,0.93273,0.93298,1.00,1.38
2014.03.06 09:33:32.224,0.93273,0.93298,1.00,1.38
2014.03.06 09:33:32.274,0.9327,0.93298,1.00,1.38
2014.03.06 09:33:32.526,0.93268,0.93298,1.00,1.38
2014.03.06 09:33:33.803,0.93268,0.93298,1.00,1.38
2014.03.06 09:33:37.256,0.93268,0.93298,1.00,1.38
2014.03.06 09:33:38.077,0.93272,0.93299,1.00,1.38
2014.03.06 09:33:38.575,0.93272,0.93299,1.50,1.38
2014.03.06 09:33:39.346,0.93272,0.93298,1.00,1.38
2014.03.06 09:33:39.418,0.93268,0.93298,1.00,1.38
2014.03.06 09:33:39.468,0.93268,0.93298,1.00,1.38
2014.03.06 09:33:39.896,0.93268,0.93298,1.88,1.38
2014.03.06 09:33:40.117,0.93269,0.93298,1.00,1.38
2014.03.06 09:33:40.650,0.93268,0.93298,1.13,1.38
2014.03.06 09:33:40.938,0.93268,0.93298,1.50,1.38
2014.03.06 09:33:41.154,0.93268,0.93298,1.00,1.38
2014.03.06 09:33:54.746,0.93267,0.93298,1.88,1.38
2014.03.06 09:33:56.395,0.93267,0.93298,1.88,1.38
2014.03.06 09:33:56.944,0.93267,0.93294,1.38,1.38
2014.03.06 09:33:57.397,0.93264,0.93296,1.38,1.38
2014.03.06 09:33:57.447,0.93264,0.93296,1.00,1.38
2014.03.06 09:33:57.498,0.93261,0.93293,2.25,1.38
2014.03.06 09:33:57.648,0.93261,0.93293,1.50,1.38
2014.03.06 09:33:57.954,0.93261,0.93283,1.00,1.00
2014.03.06 09:33:58.098,0.93261,0.93293,1.00,1.38
2014.03.06 09:33:58.198,0.93261,0.93294,1.13,1.38
2014.03.06 09:33:58.399,0.93261,0.93294,1.38,1.38
2014.03.06 09:33:59.189,0.93265,0.93293,1.00,1.38
2014.03.06 09:34:00.155,0.93265,0.93293,1.38,1.38
2014.03.06 09:34:10.705,0.93265,0.93293,1.38,1.00
2014.03.06 09:34:21.929,0.93267,0.93293,1.38,1.00
2014.03.06 09:34:23.135,0.93265,0.93293,1.38,1.00
2014.03.06 09:34:23.925,0.93265,0.93293,1.38,1.00
2014.03.06 09:34:26.836,0.93265,0.93289,1.38,1.00
2014.03.06 09:34:27.277,0.93265,0.93294,1.38,1.13
2014.03.06 09:34:35.785,0.93265,0.93294,3.23,1.13
2014.03.06 09:34:35.894,0.93265,0.93294,3.23,1.00
2014.03.06 09:34:36.045,0.93268,0.93294,1.73,1.00
2014.03.06 09:34:36.587,0.93268,0.93294,1.00,1.13
2014.03.06 09:34:37.392,0.93264,0.93294,1.38,1.13
2014.03.06 09:34:47.215,0.93265,0.93294,1.38,1.38
2014.03.06 09:35:00.115,0.93267,0.93298,1.00,1.38
2014.03.06 09:35:02.891,0.93266,0.93293,1.13,1.38
2014.03.06 09:35:08.283,0.93267,0.93297,1.00,1.38
2014.03.06 09:35:08.965,0.93265,0.93293,1.88,1.38
2014.03.06 09:35:09.467,0.93267,0.93297,1.00,1.38
2014.03.06 09:35:15.195,0.93271,0.93298,1.00,1.38
2014.03.06 09:35:15.245,0.93271,0.93298,1.00,1.38
2014.03.06 09:35:15.346,0.93271,0.93293,1.00,1.00
2014.03.06 09:35:15.651,0.93269,0.93298,1.00,1.38
2014.03.06 09:35:15.904,0.93267,0.93298,1.50,1.38
2014.03.06 09:35:20.658,0.9327,0.93298,1.00,1.38
2014.03.06 09:35:20.709,0.9327,0.93298,1.00,1.38
2014.03.06 09:35:21.147,0.9327,0.93294,1.00,1.38
2014.03.06 09:35:22.307,0.9327,0.93298,1.00,1.38
2014.03.06 09:35:29.127,0.93268,0.93298,1.00,1.38
2014.03.06 09:35:31.647,0.93267,0.93293,1.00,1.38
2014.03.06 09:35:34.847,0.93267,0.93289,1.00,1.00
2014.03.06 09:35:40.901,0.93267,0.93293,1.00,1.38
2014.03.06 09:35:41.118,0.93267,0.93288,1.00,1.00
2014.03.06 09:35:46.447,0.93267,0.93293,1.00,1.38
2014.03.06 09:35:49.017,0.93269,0.93293,1.00,1.38
2014.03.06 09:35:57.413,0.93268,0.93293,1.13,1.38
2014.03.06 09:35:58.508,0.93268,0.93293,1.13,1.38
2014.03.06 09:36:12.775,0.93267,0.93293,1.00,1.38
2014.03.06 09:36:13.159,0.93267,0.93293,1.50,1.38
2014.03.06 09:36:13.511,0.93265,0.93293,1.13,1.38
2014.03.06 09:36:20.446,0.93265,0.93288,1.13,1.38
2014.03.06 09:36:20.616,0.93265,0.93288,1.13,1.38
2014.03.06 09:36:20.917,0.9326,0.93284,1.88,1.38
2014.03.06 09:36:22.344,0.9326,0.93284,1.00,1.38
2014.03.06 09:36:28.566,0.9326,0.93284,1.00,1.13
2014.03.06 09:36:32.276,0.9326,0.93284,1.00,1.38
2014.03.06 09:36:32.720,0.93257,0.93288,1.88,1.38
2014.03.06 09:36:32.972,0.93257,0.93288,1.88,1.38
2014.03.06 09:36:33.596,0.93257,0.93284,1.13,1.38
2014.03.06 09:36:33.973,0.93254,0.93285,1.88,1.38
2014.03.06 09:36:37.218,0.93255,0.93288,1.00,1.38
2014.03.06 09:36:37.474,0.93252,0.93284,1.00,1.38
2014.03.06 09:36:37.536,0.93256,0.93284,1.00,1.38
2014.03.06 09:36:37.906,0.93251,0.93284,1.00,1.88
2014.03.06 09:36:41.327,0.93251,0.93284,1.00,2.25
2014.03.06 09:36:44.237,0.93252,0.93284,1.00,1.88
2014.03.06 09:36:44.287,0.93252,0.93284,1.00,1.88
2014.03.06 09:36:45.816,0.93252,0.93284,1.00,1.88
2014.03.06 09:36:46.887,0.93252,0.93283,1.00,1.75
2014.03.06 09:36:48.676,0.93249,0.93279,1.13,1.38
2014.03.06 09:36:48.777,0.93249,0.93279,1.13,1.38
2014.03.06 09:36:49.085,0.93252,0.93281,1.00,1.88
2014.03.06 09:36:49.135,0.93249,0.93279,1.00,1.38
2014.03.06 09:36:50.407,0.93249,0.93279,1.00,1.38
2014.03.06 09:36:50.508,0.93246,0.93274,1.00,1.38
2014.03.06 09:36:51.087,0.93246,0.93278,1.50,1.38
2014.03.06 09:36:51.701,0.93248,0.93279,1.00,1.38
2014.03.06 09:36:51.751,0.93248,0.93279,1.00,1.38
2014.03.06 09:36:52.002,0.93244,0.93273,1.13,1.38
2014.03.06 09:36:52.105,0.93244,0.93273,1.00,1.38
2014.03.06 09:36:52.482,0.93247,0.93273,1.00,1.38
2014.03.06 09:36:52.532,0.93247,0.93273,1.00,1.38
2014.03.06 09:36:53.220,0.9325,0.93273,1.00,1.38
2014.03.06 09:36:53.751,0.93252,0.93278,1.00,1.00
2014.03.06 09:36:55.620,0.93252,0.93284,1.00,2.63
2014.03.06 09:36:55.722,0.93248,0.9328,1.00,1.13
2014.03.06 09:36:55.936,0.93246,0.93278,1.00,1.38
2014.03.06 09:36:56.174,0.93246,0.93273,1.00,1.13
2014.03.06 09:36:57.205,0.93242,0.93273,1.38,1.13
2014.03.06 09:36:58.936,0.93246,0.93276,1.88,1.13
2014.03.06 09:36:59.238,0.93248,0.93279,1.13,1.50
2014.03.06 09:36:59.289,0.9325,0.93279,1.00,1.50
2014.03.06 09:36:59.656,0.9325,0.93279,1.88,1.13
2014.03.06 09:37:00.687,0.9325,0.93279,1.38,1.38
2014.03.06 09:37:00.995,0.93245,0.93274,1.13,1.13
2014.03.06 09:37:03.866,0.93245,0.93273,1.13,1.00
2014.03.06 09:37:04.391,0.93245,0.93273,1.13,1.38
2014.03.06 09:37:07.586,0.93241,0.93273,1.88,1.00
2014.03.06 09:37:21.425,0.93244,0.93274,1.38,1.00
2014.03.06 09:37:21.525,0.93247,0.93274,1.00,1.00
2014.03.06 09:37:22.663,0.93247,0.93278,1.88,1.00
2014.03.06 09:37:25.575,0.93249,0.93273,1.38,1.00
2014.03.06 09:37:27.376,0.93249,0.93273,1.38,1.00
2014.03.06 09:37:28.586,0.93249,0.93273,1.38,1.00
2014.03.06 09:37:30.636,0.93249,0.93278,1.38,1.00
2014.03.06 09:37:30.855,0.93249,0.93273,1.38,1.00
2014.03.06 09:37:30.955,0.93249,0.93273,1.38,1.00
2014.03.06 09:37:32.845,0.93249,0.93268,1.38,1.00
2014.03.06 09:37:33.355,0.93247,0.93268,1.38,1.00
2014.03.06 09:37:33.413,0.93247,0.93274,1.38,1.00
2014.03.06 09:37:33.514,0.93244,0.93272,1.75,1.00
2014.03.06 09:37:33.626,0.93244,0.93272,1.75,1.13
2014.03.06 09:37:33.855,0.93243,0.93268,2.25,1.00
2014.03.06 09:37:34.394,0.93244,0.93274,1.38,1.38
2014.03.06 09:37:35.162,0.93243,0.93269,1.88,1.13
2014.03.06 09:37:35.306,0.93243,0.93269,1.88,1.00
2014.03.06 09:37:35.637,0.93243,0.93274,1.88,1.38
2014.03.06 09:37:35.966,0.93243,0.93274,1.88,1.00
2014.03.06 09:37:36.185,0.93243,0.93274,1.88,1.00
2014.03.06 09:37:38.495,0.93244,0.93274,1.88,1.13
2014.03.06 09:37:38.889,0.93244,0.93268,1.88,1.00
2014.03.06 09:37:39.692,0.93243,0.93263,1.38,1.00
2014.03.06 09:37:39.743,0.93243,0.93263,1.38,1.00
2014.03.06 09:37:40.396,0.93243,0.93269,1.38,1.00
2014.03.06 09:37:40.705,0.93241,0.93269,1.88,1.00
2014.03.06 09:37:41.252,0.93242,0.93268,1.88,1.00
2014.03.06 09:37:47.416,0.93242,0.93268,3.98,1.00
2014.03.06 09:37:47.929,0.93244,0.93268,1.38,1.00
2014.03.06 09:37:48.434,0.93244,0.93268,1.38,1.00
2014.03.06 09:37:54.675,0.93244,0.93268,1.13,1.00
2014.03.06 09:37:55.155,0.93244,0.93268,1.98,1.00
2014.03.06 09:37:55.255,0.93243,0.93268,4.73,1.00
2014.03.06 09:37:55.444,0.93243,0.93268,4.73,1.00
2014.03.06 09:37:57.329,0.93246,0.93268,2.48,1.00
2014.03.06 09:37:57.430,0.93248,0.93273,2.85,1.00
2014.03.06 09:37:57.580,0.93249,0.93273,2.25,1.00
2014.03.06 09:37:58.447,0.93249,0.93269,2.25,1.00
2014.03.06 09:38:00.205,0.93248,0.93268,1.13,1.00
2014.03.06 09:38:01.385,0.93248,0.93268,1.50,1.00
2014.03.06 09:38:01.805,0.9325,0.93268,1.13,1.00
2014.03.06 09:38:01.855,0.93252,0.93274,1.68,1.00
2014.03.06 09:38:05.455,0.93252,0.93274,2.05,1.00
2014.03.06 09:38:07.904,0.93251,0.93274,1.00,1.00
2014.03.06 09:38:09.094,0.93251,0.93274,2.85,1.00
2014.03.06 09:38:14.394,0.93252,0.93274,1.00,1.00
2014.03.06 09:38:15.663,0.93248,0.93274,1.38,1.00
2014.03.06 09:38:17.224,0.93248,0.93274,1.38,1.00
2014.03.06 09:38:17.325,0.93248,0.9328,1.38,1.38
2014.03.06 09:38:17.476,0.93254,0.93283,1.38,1.00
2014.03.06 09:38:18.427,0.93254,0.93286,1.38,1.38
2014.03.06 09:38:18.528,0.93258,0.93289,1.00,1.38
2014.03.06 09:38:18.866,0.93258,0.93284,1.00,1.38
2014.03.06 09:38:19.032,0.93258,0.93284,1.13,1.00
2014.03.06 09:38:23.647,0.93259,0.93284,1.00,1.00
2014.03.06 09:38:27.435,0.93259,0.93284,1.00,1.38
2014.03.06 09:38:27.736,0.93266,0.93291,1.38,1.50
2014.03.06 09:38:27.989,0.93267,0.93294,1.38,2.25
2014.03.06 09:38:28.703,0.93267,0.93294,1.38,1.00
2014.03.06 09:38:29.299,0.93267,0.93294,1.38,1.13
2014.03.06 09:38:30.925,0.93267,0.93283,1.38,1.00
2014.03.06 09:38:31.076,0.93266,0.93283,1.00,1.00
2014.03.06 09:38:33.885,0.93266,0.93279,1.00,1.00
2014.03.06 09:38:36.122,0.93266,0.93284,1.00,1.00
2014.03.06 09:38:36.304,0.93266,0.93278,1.00,1.00
2014.03.06 09:38:38.173,0.93266,0.93283,1.00,1.00
2014.03.06 09:38:41.155,0.93266,0.93283,1.38,1.00
2014.03.06 09:38:47.083,0.93267,0.93289,1.38,1.00
2014.03.06 09:38:47.454,0.93267,0.93289,1.38,1.00
2014.03.06 09:38:47.554,0.93266,0.93289,1.00,1.00
2014.03.06 09:38:48.416,0.93266,0.93289,1.38,1.00
2014.03.06 09:38:48.653,0.93267,0.93293,2.63,1.00
2014.03.06 09:38:49.234,0.93273,0.93293,1.13,1.00
2014.03.06 09:38:49.435,0.93273,0.93299,1.88,1.00
2014.03.06 09:38:50.615,0.93273,0.93301,2.63,1.00
2014.03.06 09:38:52.043,0.93273,0.93301,1.88,1.00
2014.03.06 09:38:52.194,0.93276,0.93304,1.88,1.00
2014.03.06 09:38:52.396,0.93277,0.93304,1.00,1.38
2014.03.06 09:38:52.506,0.93271,0.93298,1.00,1.50
2014.03.06 09:38:52.943,0.93271,0.93298,1.00,1.50
2014.03.06 09:38:53.183,0.93268,0.93298,1.50,1.50
2014.03.06 09:38:53.475,0.93268,0.93298,1.13,1.50
2014.03.06 09:38:53.985,0.93268,0.93294,1.88,1.00
2014.03.06 09:38:54.722,0.93267,0.93294,1.38,1.38
2014.03.06 09:38:55.824,0.93265,0.93289,3.00,1.00
2014.03.06 09:38:56.824,0.93268,0.93294,1.00,1.00
2014.03.06 09:38:57.139,0.93271,0.93294,1.00,1.00
2014.03.06 09:38:57.189,0.93271,0.93298,1.00,1.38
2014.03.06 09:38:57.440,0.93276,0.93298,1.00,1.13
2014.03.06 09:39:00.653,0.93273,0.93299,1.00,1.38
2014.03.06 09:39:04.073,0.93273,0.93294,1.00,1.00
2014.03.06 09:39:04.413,0.93273,0.93298,1.00,1.38
2014.03.06 09:39:04.514,0.9327,0.93298,1.00,1.38
2014.03.06 09:39:04.715,0.93267,0.93298,3.00,1.38
2014.03.06 09:39:05.509,0.93269,0.93298,1.00,1.38
2014.03.06 09:39:09.995,0.93267,0.93294,1.88,1.38
2014.03.06 09:39:11.699,0.9327,0.93294,1.00,1.13
2014.03.06 09:39:13.203,0.93267,0.93294,1.38,1.38
2014.03.06 09:39:13.753,0.93269,0.93294,1.00,1.00
2014.03.06 09:39:14.554,0.93269,0.93294,1.60,1.00
2014.03.06 09:39:14.705,0.93271,0.93299,1.50,1.38
2014.03.06 09:39:14.806,0.93273,0.93299,1.00,1.38
2014.03.06 09:39:15.174,0.93274,0.93298,1.38,1.00
2014.03.06 09:39:15.623,0.93275,0.93294,1.13,1.00
2014.03.06 09:39:15.724,0.93271,0.93294,1.00,1.00
2014.03.06 09:39:15.925,0.93271,0.93294,1.00,1.38
2014.03.06 09:39:15.986,0.93268,0.93294,1.13,1.38
2014.03.06 09:39:16.138,0.93268,0.93293,1.13,1.38
2014.03.06 09:39:16.493,0.93268,0.93293,1.13,1.13
2014.03.06 09:39:18.765,0.93268,0.93293,3.00,1.00
2014.03.06 09:39:41.193,0.93268,0.93299,1.38,1.38
2014.03.06 09:39:46.143,0.93268,0.93294,1.38,1.00
2014.03.06 09:39:58.366,0.93272,0.93298,1.00,1.38
2014.03.06 09:39:58.467,0.93273,0.93298,1.30,1.00
2014.03.06 09:39:58.705,0.93277,0.93298,1.13,1.00
2014.03.06 09:39:59.412,0.93276,0.93298,1.13,1.00
2014.03.06 09:40:02.363,0.93273,0.93298,1.00,1.00
2014.03.06 09:40:02.880,0.93273,0.93299,1.00,1.38
2014.03.06 09:40:04.168,0.9327,0.93299,1.88,1.38
2014.03.06 09:40:06.071,0.9327,0.93299,1.88,1.38
2014.03.06 09:40:06.691,0.9327,0.93299,1.50,1.38
2014.03.06 09:40:07.459,0.9327,0.93293,1.50,1.00
2014.03.06 09:40:08.340,0.9327,0.93293,1.88,1.00
2014.03.06 09:40:09.001,0.93271,0.93299,1.13,1.38
2014.03.06 09:40:12.855,0.93269,0.93293,1.88,1.00
2014.03.06 09:40:13.181,0.93269,0.93298,1.88,1.38
2014.03.06 09:40:18.089,0.93269,0.93298,1.88,1.38
2014.03.06 09:40:20.530,0.93271,0.93298,1.00,1.38
2014.03.06 09:40:20.911,0.9327,0.93294,1.00,1.00
2014.03.06 09:40:21.163,0.93265,0.93294,1.50,1.38
2014.03.06 09:40:21.414,0.93265,0.93294,1.13,1.13
2014.03.06 09:40:23.570,0.93264,0.93294,1.50,1.88
2014.03.06 09:40:23.721,0.93257,0.93288,1.88,1.38
2014.03.06 09:40:24.393,0.93258,0.93288,1.00,1.38
2014.03.06 09:40:34.614,0.93259,0.93288,1.38,1.00
2014.03.06 09:40:34.915,0.93262,0.93288,1.38,1.00
2014.03.06 09:40:34.966,0.93262,0.93288,1.88,1.13
2014.03.06 09:40:35.030,0.93262,0.93288,1.88,1.00
2014.03.06 09:40:35.164,0.93262,0.93288,1.50,1.13
2014.03.06 09:40:35.264,0.93262,0.93283,2.25,1.00
2014.03.06 09:40:35.315,0.9326,0.93283,1.00,1.00
2014.03.06 09:40:35.600,0.9326,0.93289,1.00,1.38
2014.03.06 09:40:36.769,0.9326,0.93289,1.50,1.38
2014.03.06 09:40:44.352,0.93262,0.93289,1.00,1.38
2014.03.06 09:40:44.670,0.93265,0.93289,1.00,1.38
2014.03.06 09:40:45.155,0.93265,0.93289,1.00,1.38
2014.03.06 09:40:45.402,0.93265,0.93291,1.00,1.00
2014.03.06 09:40:46.581,0.93265,0.93293,1.38,1.38
2014.03.06 09:40:46.664,0.93265,0.93293,1.38,1.00
2014.03.06 09:40:47.229,0.93269,0.93294,1.00,1.00
2014.03.06 09:40:47.481,0.93267,0.93295,1.13,2.25
2014.03.06 09:40:47.581,0.93271,0.93294,1.00,1.00
2014.03.06 09:40:47.922,0.93277,0.93303,1.00,1.88
2014.03.06 09:40:47.989,0.93277,0.93306,1.00,1.38
2014.03.06 09:40:48.650,0.93276,0.93304,1.13,1.38
2014.03.06 09:40:48.700,0.93276,0.93304,1.00,1.38
2014.03.06 09:40:50.630,0.93276,0.93304,1.38,1.38
2014.03.06 09:40:50.680,0.93276,0.93304,1.88,1.38
2014.03.06 09:40:51.629,0.93277,0.93299,1.13,1.00
2014.03.06 09:40:53.429,0.93277,0.93289,1.88,1.00
2014.03.06 09:40:53.871,0.93277,0.93298,1.88,1.00
2014.03.06 09:40:54.050,0.93277,0.93304,1.88,1.38
2014.03.06 09:41:00.099,0.93277,0.93298,1.13,1.00
2014.03.06 09:41:05.819,0.93277,0.93304,1.13,1.38
2014.03.06 09:41:05.930,0.93277,0.93298,1.13,1.00
2014.03.06 09:41:06.809,0.93277,0.93304,1.13,1.38
2014.03.06 09:41:06.960,0.93275,0.93304,1.13,1.38
2014.03.06 09:41:07.128,0.93274,0.93304,2.63,1.38
2014.03.06 09:41:11.010,0.93275,0.93304,1.00,1.38
2014.03.06 09:41:11.111,0.93279,0.93304,1.00,1.38
2014.03.06 09:41:13.610,0.93279,0.93304,1.00,1.00
2014.03.06 09:41:13.811,0.93279,0.93309,1.50,1.88
2014.03.06 09:41:15.120,0.93279,0.93303,1.50,1.00
2014.03.06 09:41:15.586,0.93279,0.93298,1.13,1.00
2014.03.06 09:41:18.219,0.93277,0.93298,1.00,1.00
2014.03.06 09:41:18.410,0.93276,0.93298,1.75,1.00
2014.03.06 09:41:20.032,0.93276,0.93298,1.88,1.00
2014.03.06 09:41:28.266,0.93276,0.93298,1.88,1.00
2014.03.06 09:41:29.372,0.93276,0.93298,1.50,1.00
2014.03.06 09:41:44.454,0.93275,0.93298,1.13,1.00
2014.03.06 09:41:56.121,0.93273,0.93294,1.00,1.00
2014.03.06 09:41:56.445,0.93281,0.93302,1.00,1.00
2014.03.06 09:41:56.495,0.93281,0.93305,1.00,1.88
2014.03.06 09:41:56.596,0.93281,0.93308,1.00,1.13
2014.03.06 09:41:56.646,0.93281,0.93307,1.00,2.10
2014.03.06 09:41:56.949,0.93281,0.93313,1.38,1.75
2014.03.06 09:41:56.999,0.93282,0.93314,1.38,1.13
2014.03.06 09:41:57.100,0.93282,0.93308,1.38,1.00
2014.03.06 09:41:57.201,0.9328,0.93308,1.88,1.00
2014.03.06 09:41:57.878,0.9328,0.93308,1.88,1.00
2014.03.06 09:41:58.568,0.93281,0.93312,1.38,1.13
2014.03.06 09:41:58.619,0.93281,0.93312,1.38,1.13
2014.03.06 09:41:58.846,0.93285,0.93314,1.13,1.13
2014.03.06 09:41:59.402,0.93285,0.93314,1.13,1.38
2014.03.06 09:42:00.548,0.93285,0.93308,1.13,1.00
2014.03.06 09:42:00.879,0.93283,0.93313,1.38,1.13
2014.03.06 09:42:00.929,0.93283,0.93313,1.38,1.00
2014.03.06 09:42:01.358,0.93285,0.93313,1.38,1.00
2014.03.06 09:42:01.888,0.93292,0.93318,1.00,1.13
2014.03.06 09:42:02.161,0.93291,0.93323,1.38,1.38
2014.03.06 09:42:02.898,0.93291,0.93323,1.38,1.00
2014.03.06 09:42:03.440,0.93293,0.93324,1.38,1.00
2014.03.06 09:42:13.438,0.93294,0.93324,1.38,1.38
2014.03.06 09:42:14.849,0.93294,0.93319,1.38,1.00
2014.03.06 09:42:15.287,0.93294,0.93313,1.38,1.00
2014.03.06 09:42:16.717,0.93294,0.93313,1.38,1.00
2014.03.06 09:42:26.339,0.93286,0.93313,1.88,1.00
2014.03.06 09:42:28.820,0.93287,0.93318,1.38,1.35
2014.03.06 09:42:29.021,0.93289,0.93318,1.50,1.00
2014.03.06 09:42:29.407,0.93289,0.93313,2.25,1.00
2014.03.06 09:42:30.329,0.93289,0.93313,2.25,1.00
2014.03.06 09:42:30.878,0.93288,0.93313,1.88,1.00
2014.03.06 09:42:31.937,0.93288,0.93309,1.88,1.00
2014.03.06 09:42:37.368,0.93289,0.93309,1.13,1.00
2014.03.06 09:42:37.779,0.93289,0.93305,1.13,2.10
2014.03.06 09:42:37.980,0.93271,0.93299,1.88,1.38
2014.03.06 09:42:38.081,0.93274,0.93299,1.00,1.00
2014.03.06 09:42:40.306,0.93271,0.93299,1.50,1.38
2014.03.06 09:42:40.618,0.93269,0.93294,2.25,1.00
2014.03.06 09:42:40.928,0.93271,0.93299,1.50,1.88
2014.03.06 09:42:41.027,0.93277,0.93299,1.00,1.13
2014.03.06 09:42:41.178,0.93277,0.93303,1.00,1.38
2014.03.06 09:42:45.910,0.93277,0.93303,1.00,1.50
2014.03.06 09:42:46.602,0.93277,0.93303,1.38,1.50
2014.03.06 09:42:56.107,0.93277,0.93303,1.00,1.38
2014.03.06 09:43:06.607,0.93276,0.93306,1.00,1.75
2014.03.06 09:43:06.828,0.93274,0.93294,1.73,1.00
2014.03.06 09:43:06.929,0.93274,0.93294,1.00,1.00
2014.03.06 09:43:07.030,0.93269,0.93294,1.50,1.00
2014.03.06 09:43:07.376,0.93268,0.93294,1.00,1.00
2014.03.06 09:43:08.999,0.93264,0.93293,2.25,1.13
2014.03.06 09:43:09.913,0.93264,0.93293,1.38,1.13
2014.03.06 09:43:11.888,0.93264,0.93288,1.38,1.00
2014.03.06 09:43:12.256,0.93264,0.93288,1.38,1.00
2014.03.06 09:43:12.901,0.93264,0.93283,1.38,1.00
2014.03.06 09:43:12.951,0.93264,0.93283,1.00,1.38
2014.03.06 09:43:13.102,0.93256,0.93278,1.50,1.00
2014.03.06 09:43:14.008,0.93254,0.93278,1.38,1.00
2014.03.06 09:43:14.089,0.93257,0.93283,1.13,1.00
2014.03.06 09:43:14.291,0.93257,0.93283,1.38,1.00
2014.03.06 09:43:17.021,0.93257,0.93283,1.38,1.00
2014.03.06 09:43:18.817,0.93262,0.93288,1.00,1.38
2014.03.06 09:43:19.367,0.93257,0.93283,1.38,1.00
2014.03.06 09:43:19.468,0.93257,0.93283,1.13,1.00
2014.03.06 09:43:23.327,0.93262,0.93286,1.00,1.35
2014.03.06 09:43:34.870,0.93267,0.93286,1.00,1.35
2014.03.06 09:43:35.347,0.93261,0.93288,1.00,2.85
2014.03.06 09:43:35.579,0.93261,0.93288,1.00,2.85
2014.03.06 09:43:35.631,0.93261,0.93288,1.00,2.85
2014.03.06 09:43:35.682,0.93256,0.93284,1.88,1.38
2014.03.06 09:43:35.908,0.93261,0.93289,1.00,2.48
2014.03.06 09:43:35.958,0.93261,0.93289,1.00,2.48
2014.03.06 09:43:36.046,0.93261,0.93289,1.00,2.48
2014.03.06 09:43:36.097,0.93258,0.93284,1.00,1.13
2014.03.06 09:43:36.198,0.93256,0.93284,1.00,1.73
2014.03.06 09:43:36.666,0.93251,0.93278,1.75,1.00
2014.03.06 09:43:36.717,0.93251,0.93279,1.38,1.88
2014.03.06 09:43:38.557,0.93251,0.93279,1.00,1.88
2014.03.06 09:43:45.304,0.93251,0.93279,1.13,1.50
2014.03.06 09:43:50.357,0.93251,0.93279,1.38,1.50
2014.03.06 09:44:00.575,0.93251,0.93273,1.38,1.00
2014.03.06 09:44:01.335,0.93248,0.93273,1.88,1.00
2014.03.06 09:44:02.415,0.93248,0.93273,1.38,1.00
2014.03.06 09:44:05.437,0.93248,0.93273,1.00,1.38
2014.03.06 09:44:06.749,0.93244,0.93273,1.88,1.38
2014.03.06 09:44:13.099,0.93244,0.93273,1.38,1.38
2014.03.06 09:44:13.636,0.93246,0.93274,1.13,1.38
2014.03.06 09:44:13.737,0.93246,0.93274,1.50,1.13
2014.03.06 09:44:13.914,0.93246,0.93274,1.13,1.38
2014.03.06 09:44:14.066,0.93245,0.93274,1.13,1.38
2014.03.06 09:44:18.186,0.93247,0.93273,1.38,1.00
2014.03.06 09:44:24.086,0.93245,0.93274,1.88,1.00
2014.03.06 09:44:24.136,0.93245,0.93274,1.13,1.38
2014.03.06 09:44:24.387,0.93244,0.93274,1.88,1.38
2014.03.06 09:44:24.490,0.93244,0.93274,1.13,1.88
2014.03.06 09:44:24.695,0.93245,0.93274,1.38,1.88
2014.03.06 09:44:24.946,0.93247,0.93276,1.50,1.00
2014.03.06 09:44:25.077,0.93252,0.93276,1.00,1.00
2014.03.06 09:44:25.446,0.93247,0.93274,1.50,1.00
2014.03.06 09:44:30.403,0.93252,0.93278,1.00,1.38
2014.03.06 09:44:30.509,0.93252,0.93278,1.13,1.13
2014.03.06 09:44:30.806,0.93254,0.93278,1.00,1.13
2014.03.06 09:44:30.907,0.93252,0.93278,1.13,1.13
2014.03.06 09:44:31.023,0.93252,0.93278,1.38,1.00
2014.03.06 09:44:32.376,0.93252,0.93278,1.38,1.00
2014.03.06 09:44:32.664,0.9325,0.93279,1.50,1.73
2014.03.06 09:44:32.715,0.93249,0.93279,1.75,1.73
2014.03.06 09:44:32.936,0.93251,0.93283,1.38,2.25
2014.03.06 09:44:33.174,0.93251,0.93283,1.38,2.25
2014.03.06 09:44:33.497,0.93256,0.93285,1.00,1.75
2014.03.06 09:44:34.796,0.93256,0.93284,1.13,1.00
2014.03.06 09:44:47.119,0.93256,0.93287,1.38,1.38
2014.03.06 09:44:47.607,0.93257,0.93279,1.13,1.00
2014.03.06 09:44:47.809,0.93251,0.93279,1.13,1.38
2014.03.06 09:44:47.860,0.93256,0.93282,1.00,1.38
2014.03.06 09:44:47.910,0.93256,0.93282,1.13,1.38
2014.03.06 09:45:12.818,0.93257,0.93284,1.00,1.38
2014.03.06 09:45:29.198,0.93257,0.93287,1.13,1.38
2014.03.06 09:45:29.711,0.93258,0.93288,1.00,1.38
2014.03.06 09:45:32.587,0.93262,0.9329,1.00,1.88
2014.03.06 09:45:34.236,0.93262,0.9329,1.00,1.88
2014.03.06 09:45:34.346,0.93258,0.93289,1.00,1.38
2014.03.06 09:45:43.110,0.93256,0.93287,1.00,1.38
2014.03.06 09:45:43.411,0.93262,0.93287,1.00,1.38
2014.03.06 09:45:43.586,0.93256,0.93287,1.00,1.38
2014.03.06 09:45:47.867,0.93256,0.93287,1.00,1.73
2014.03.06 09:45:55.685,0.93256,0.93284,1.38,1.13
2014.03.06 09:46:23.245,0.93256,0.93288,1.88,1.88
2014.03.06 09:46:23.747,0.93256,0.93288,1.50,1.50
2014.03.06 09:46:34.295,0.93261,0.93288,1.00,1.50
2014.03.06 09:46:35.066,0.93256,0.93288,1.88,1.50
2014.03.06 09:46:35.265,0.93256,0.93288,1.88,1.50
2014.03.06 09:46:35.466,0.93252,0.93283,1.38,1.38
2014.03.06 09:46:35.596,0.93252,0.93283,1.38,1.38
2014.03.06 09:46:38.686,0.93251,0.93283,1.50,1.38
2014.03.06 09:46:39.115,0.93251,0.93283,1.50,1.00
2014.03.06 09:46:39.489,0.93251,0.93284,2.25,1.38
2014.03.06 09:46:40.106,0.93251,0.93284,2.25,1.38
2014.03.06 09:46:40.157,0.93251,0.93279,1.50,1.00
2014.03.06 09:46:40.393,0.93251,0.93283,1.50,1.38
2014.03.06 09:46:40.793,0.93256,0.93286,1.00,1.38
2014.03.06 09:46:40.876,0.93256,0.93286,1.38,1.38
2014.03.06 09:46:47.377,0.93256,0.93286,1.00,1.38
2014.03.06 09:46:47.912,0.93253,0.93284,1.38,1.38
2014.03.06 09:46:48.205,0.93256,0.93286,1.00,1.38
2014.03.06 09:46:49.087,0.93252,0.93284,1.38,1.38
2014.03.06 09:46:54.145,0.93256,0.93285,1.00,1.38
2014.03.06 09:46:54.440,0.93256,0.93288,1.38,1.50
2014.03.06 09:47:02.394,0.93254,0.93283,1.38,1.00
2014.03.06 09:47:02.807,0.93252,0.93283,1.38,1.38
2014.03.06 09:47:10.316,0.93257,0.93284,1.00,1.13
2014.03.06 09:47:11.475,0.93252,0.93283,1.38,1.38
2014.03.06 09:47:12.649,0.93251,0.93273,1.38,1.00
2014.03.06 09:47:12.867,0.93251,0.93279,1.38,1.00
2014.03.06 09:47:12.917,0.93251,0.93279,1.38,1.00
2014.03.06 09:47:16.850,0.93252,0.93284,1.38,1.88
2014.03.06 09:47:22.008,0.93252,0.93284,1.38,1.88
2014.03.06 09:47:23.665,0.93251,0.93278,1.38,1.00
2014.03.06 09:47:23.846,0.93252,0.93283,1.38,1.88
2014.03.06 09:47:24.657,0.93252,0.93282,1.38,1.00
2014.03.06 09:47:24.865,0.93252,0.93282,1.38,1.38
2014.03.06 09:47:25.176,0.93247,0.93278,1.88,1.00
2014.03.06 09:47:25.226,0.93247,0.93278,1.88,1.00
2014.03.06 09:47:29.124,0.93247,0.93277,1.38,1.88
2014.03.06 09:47:29.224,0.9324,0.93268,1.88,1.00
2014.03.06 09:47:29.376,0.9324,0.93264,1.50,1.00
2014.03.06 09:47:29.577,0.93238,0.93269,1.88,1.00
2014.03.06 09:47:29.627,0.93238,0.93269,1.88,1.38
2014.03.06 09:47:31.683,0.93238,0.93269,1.88,1.00
2014.03.06 09:47:32.994,0.93238,0.93269,1.75,1.38
2014.03.06 09:47:33.104,0.93238,0.93269,1.75,1.13
2014.03.06 09:47:33.222,0.93238,0.93269,1.50,1.38
2014.03.06 09:47:38.181,0.93241,0.93269,1.13,1.38
2014.03.06 09:47:38.282,0.93241,0.93269,1.38,1.00
2014.03.06 09:47:38.333,0.93247,0.93273,1.00,1.38
2014.03.06 09:47:38.433,0.93247,0.93274,1.13,1.88
2014.03.06 09:47:38.708,0.93247,0.93277,1.38,1.88
2014.03.06 09:47:39.496,0.93247,0.93277,1.38,1.13
2014.03.06 09:47:43.062,0.93249,0.93278,1.75,1.50
2014.03.06 09:47:43.163,0.93253,0.93279,1.13,1.50
2014.03.06 09:47:43.364,0.93253,0.93283,1.13,1.38
2014.03.06 09:47:43.464,0.93253,0.93283,1.38,1.00
2014.03.06 09:47:43.664,0.93253,0.93283,1.13,1.38
2014.03.06 09:47:44.483,0.93252,0.93282,1.38,1.38
2014.03.06 09:47:45.022,0.93252,0.93279,1.00,1.38
2014.03.06 09:47:45.123,0.93256,0.93279,1.00,1.38
2014.03.06 09:47:45.224,0.93256,0.93284,1.13,1.38
2014.03.06 09:47:45.425,0.93257,0.93284,1.35,1.00
2014.03.06 09:47:46.085,0.93257,0.93288,1.00,1.38
2014.03.06 09:47:46.236,0.93252,0.93285,1.00,1.38
2014.03.06 09:47:46.286,0.93257,0.93281,1.00,1.00
2014.03.06 09:47:46.805,0.93257,0.93281,1.00,1.38
2014.03.06 09:47:48.374,0.93256,0.93281,1.00,1.38
2014.03.06 09:47:48.424,0.93256,0.93284,1.38,1.50
2014.03.06 09:47:48.626,0.93257,0.93287,1.38,1.00
2014.03.06 09:47:49.284,0.93258,0.93288,1.38,1.13
2014.03.06 09:47:49.386,0.93258,0.93288,1.00,1.38
2014.03.06 09:47:51.805,0.93257,0.93287,1.00,1.38
2014.03.06 09:47:54.351,0.93257,0.93287,1.00,1.38
2014.03.06 09:47:55.534,0.93257,0.93286,2.25,1.38
2014.03.06 09:47:55.685,0.93263,0.93288,1.00,1.00
2014.03.06 09:47:55.887,0.93263,0.93286,1.00,1.00
2014.03.06 09:47:56.809,0.93257,0.93284,1.00,1.13
2014.03.06 09:47:56.924,0.93257,0.93283,1.00,1.00
2014.03.06 09:47:58.234,0.93257,0.93288,1.38,1.38
2014.03.06 09:47:58.854,0.93257,0.93288,1.00,1.38
2014.03.06 09:48:00.792,0.93257,0.93287,2.10,1.38
2014.03.06 09:48:00.993,0.93262,0.93288,1.50,1.00
2014.03.06 09:48:01.204,0.93257,0.93286,1.75,1.38
2014.03.06 09:48:01.254,0.93257,0.93284,1.00,1.13
2014.03.06 09:48:01.425,0.93257,0.93284,1.00,1.13
2014.03.06 09:48:01.576,0.93252,0.93278,1.50,1.13
2014.03.06 09:48:02.102,0.93249,0.93279,1.38,1.13
2014.03.06 09:48:02.259,0.93249,0.93279,1.38,1.00
2014.03.06 09:48:04.345,0.93257,0.93283,1.75,2.25
2014.03.06 09:48:04.395,0.93258,0.93283,1.13,1.50
2014.03.06 09:48:04.546,0.93258,0.93278,1.13,1.00
2014.03.06 09:48:04.699,0.93251,0.93278,1.13,1.00
2014.03.06 09:48:04.950,0.93247,0.93278,3.00,1.00
2014.03.06 09:48:05.115,0.93251,0.93281,1.38,1.13
2014.03.06 09:48:05.633,0.93256,0.93281,1.00,1.13
2014.03.06 09:48:05.734,0.93256,0.93283,1.00,1.13
2014.03.06 09:48:08.437,0.93251,0.93283,1.38,1.13
2014.03.06 09:48:08.874,0.93256,0.93283,1.38,1.00
2014.03.06 09:48:09.389,0.93256,0.93287,1.38,1.75
2014.03.06 09:48:13.593,0.93256,0.93285,1.38,1.00
2014.03.06 09:48:14.500,0.93256,0.93287,1.38,1.75
2014.03.06 09:48:34.144,0.93256,0.93287,1.00,1.38
2014.03.06 09:48:34.455,0.93254,0.93284,1.00,1.38
2014.03.06 09:48:34.678,0.93251,0.93284,2.25,1.88
2014.03.06 09:48:35.744,0.93252,0.93284,1.38,1.50
2014.03.06 09:48:36.977,0.93252,0.93284,1.38,1.50
2014.03.06 09:48:38.792,0.93252,0.93279,1.38,1.00
2014.03.06 09:48:39.568,0.93252,0.93279,1.13,1.00
2014.03.06 09:48:40.114,0.93252,0.93283,1.13,1.38
2014.03.06 09:48:41.822,0.93253,0.93283,1.50,1.00
2014.03.06 09:48:42.533,0.93256,0.93287,1.00,1.50
2014.03.06 09:48:42.865,0.93253,0.93284,1.50,1.00
2014.03.06 09:48:42.915,0.93253,0.93284,1.88,1.38
2014.03.06 09:48:44.215,0.93254,0.93284,1.13,1.38
2014.03.06 09:48:44.466,0.93258,0.93289,1.00,1.38
2014.03.06 09:48:44.635,0.93266,0.9329,1.00,1.13
2014.03.06 09:48:44.886,0.93266,0.93295,1.00,1.00
2014.03.06 09:48:44.987,0.93276,0.93302,1.00,1.50
2014.03.06 09:48:45.038,0.93276,0.93302,1.00,1.00
2014.03.06 09:48:45.138,0.93276,0.93304,1.88,1.13
2014.03.06 09:48:45.313,0.93276,0.93308,1.88,1.38
2014.03.06 09:48:45.414,0.93279,0.93311,1.00,1.00
2014.03.06 09:48:45.464,0.93279,0.93311,1.00,1.38
2014.03.06 09:48:46.194,0.93279,0.93309,1.38,1.38
2014.03.06 09:48:48.583,0.93279,0.93303,1.38,1.00
2014.03.06 09:48:48.723,0.93279,0.93303,1.38,1.00
2014.03.06 09:48:49.179,0.93279,0.93309,1.00,1.38
2014.03.06 09:48:49.280,0.93276,0.93307,1.00,1.38
2014.03.06 09:48:49.380,0.93276,0.93298,1.00,1.00
2014.03.06 09:48:49.775,0.93272,0.93299,1.00,1.00
2014.03.06 09:48:50.563,0.93272,0.93303,1.00,1.38
2014.03.06 09:48:50.783,0.93269,0.93301,1.38,1.13
2014.03.06 09:48:50.943,0.93269,0.93298,1.38,1.00
2014.03.06 09:48:51.825,0.93269,0.93301,1.38,1.38
2014.03.06 09:48:54.225,0.93269,0.93301,1.00,1.38
2014.03.06 09:48:54.527,0.93271,0.93302,1.00,1.00
2014.03.06 09:48:54.854,0.93268,0.93302,1.88,1.00
2014.03.06 09:48:55.411,0.93268,0.93298,1.88,1.00
2014.03.06 09:48:56.723,0.93268,0.93298,1.00,1.00
2014.03.06 09:49:01.238,0.93267,0.93298,1.00,1.00
2014.03.06 09:49:10.345,0.93266,0.93298,1.00,1.50
2014.03.06 09:49:10.654,0.93268,0.93302,1.00,1.50
2014.03.06 09:49:11.053,0.93268,0.93298,1.00,1.00
2014.03.06 09:49:11.829,0.93267,0.93298,1.00,1.88
2014.03.06 09:49:14.238,0.93267,0.93298,1.13,1.50
2014.03.06 09:49:14.723,0.93267,0.93298,1.38,1.00
2014.03.06 09:49:18.871,0.93276,0.93298,1.00,1.00
2014.03.06 09:49:18.921,0.93276,0.93304,1.00,1.75
2014.03.06 09:49:18.972,0.93276,0.93304,1.00,1.13
2014.03.06 09:49:19.126,0.93281,0.93308,1.00,1.38
2014.03.06 09:49:19.227,0.93281,0.93308,1.00,1.13
2014.03.06 09:49:21.062,0.93281,0.93303,1.00,1.00
2014.03.06 09:49:21.323,0.93276,0.93303,1.00,1.13
2014.03.06 09:49:21.492,0.93273,0.93303,1.38,1.00
2014.03.06 09:49:21.883,0.93273,0.93307,1.38,1.00
2014.03.06 09:49:22.052,0.93273,0.93304,1.38,1.00
2014.03.06 09:49:22.622,0.93271,0.93303,1.38,1.13
2014.03.06 09:49:29.092,0.93271,0.93298,1.38,1.00
2014.03.06 09:49:29.205,0.9327,0.93298,1.00,1.00
2014.03.06 09:49:33.624,0.9327,0.93302,1.00,1.00
2014.03.06 09:49:39.204,0.9327,0.93302,1.00,1.38
2014.03.06 09:49:39.642,0.93268,0.933,1.00,1.00
2014.03.06 09:49:42.383,0.93268,0.933,1.38,1.00
2014.03.06 09:49:42.483,0.93272,0.93304,1.00,1.38
2014.03.06 09:49:43.513,0.93268,0.93302,1.50,1.00
2014.03.06 09:49:49.402,0.93272,0.93303,1.00,1.00
2014.03.06 09:49:50.031,0.93271,0.93303,1.00,1.50
2014.03.06 09:49:56.013,0.93272,0.93303,1.00,1.00
2014.03.06 09:49:56.222,0.93269,0.93301,1.13,1.00
2014.03.06 09:50:01.919,0.93271,0.93304,1.00,1.38
2014.03.06 09:50:01.969,0.93271,0.93304,1.00,1.00
2014.03.06 09:50:02.552,0.9327,0.93304,1.00,1.50
2014.03.06 09:50:03.880,0.9327,0.93304,1.00,1.88
2014.03.06 09:50:04.532,0.9327,0.93304,1.00,1.88
2014.03.06 09:50:07.203,0.93269,0.93301,1.00,1.13
2014.03.06 09:50:10.122,0.9327,0.93302,1.00,1.38
2014.03.06 09:50:25.252,0.93268,0.93301,1.38,1.13
2014.03.06 09:51:00.741,0.9327,0.93302,1.00,1.38
2014.03.06 09:51:01.043,0.93276,0.93306,1.50,1.88
2014.03.06 09:51:01.691,0.93277,0.93309,1.50,2.63
2014.03.06 09:51:02.956,0.93277,0.93309,1.50,1.88
2014.03.06 09:51:06.390,0.93278,0.93309,1.00,1.88
2014.03.06 09:51:09.390,0.93278,0.93309,1.00,1.88
2014.03.06 09:51:10.191,0.93278,0.93309,1.00,1.38
2014.03.06 09:51:12.161,0.93278,0.93309,1.00,1.38
2014.03.06 09:51:15.480,0.93276,0.93309,1.88,1.38
2014.03.06 09:51:23.040,0.93277,0.93309,1.00,1.38
2014.03.06 09:51:23.951,0.93279,0.93309,1.00,1.38
2014.03.06 09:51:33.931,0.93279,0.93309,1.00,1.38
2014.03.06 09:51:34.031,0.93277,0.93308,1.00,1.13
2014.03.06 09:51:34.182,0.93277,0.93303,1.00,1.38
2014.03.06 09:51:34.233,0.93275,0.93303,1.00,1.38
2014.03.06 09:51:40.242,0.93272,0.93303,1.38,1.38
2014.03.06 09:51:43.959,0.93272,0.93303,1.38,1.75
2014.03.06 09:51:47.018,0.93272,0.93303,1.00,1.38
2014.03.06 09:51:50.759,0.93271,0.93303,1.00,1.38
2014.03.06 09:51:56.510,0.93271,0.93303,1.00,1.75
2014.03.06 09:52:08.601,0.93272,0.93305,1.00,1.88
2014.03.06 09:52:13.117,0.93271,0.93304,1.50,1.75
2014.03.06 09:52:19.609,0.93272,0.93305,1.00,1.88
2014.03.06 09:52:20.328,0.93274,0.93308,1.00,1.75
2014.03.06 09:52:20.708,0.93274,0.93307,1.00,1.00
2014.03.06 09:52:21.211,0.93274,0.93308,1.00,1.75
2014.03.06 09:52:21.612,0.93274,0.93308,1.00,1.50
2014.03.06 09:52:22.515,0.93274,0.93308,1.00,1.75
2014.03.06 09:52:24.209,0.93271,0.93303,1.88,1.13
2014.03.06 09:52:28.079,0.93276,0.93305,1.13,1.88
2014.03.06 09:52:28.281,0.93278,0.93309,1.50,1.50
