2011.12.06 21:00:00.125,0.78691,0.78729,0.75,0.75
2011.12.06 21:00:00.235,0.78691,0.78722,0.75,2.25
2011.12.06 21:00:00.344,0.78687,0.78722,0.75,2.25
2011.12.06 21:00:00.735,0.78697,0.78722,0.75,2.25
2011.12.06 21:00:00.938,0.78691,0.78722,0.75,2.25
2011.12.06 21:00:01.476,0.78696,0.78722,0.75,2.25
2011.12.06 21:00:01.994,0.78691,0.78722,0.75,2.25
2011.12.06 21:00:02.253,0.78687,0.78718,0.75,0.75
2011.12.06 21:00:03.895,0.78685,0.78713,2.25,0.75
2011.12.06 21:00:04.876,0.78686,0.78719,0.75,0.75
2011.12.06 21:00:05.942,0.78691,0.78722,0.75,2.25
2011.12.06 21:00:06.624,0.78687,0.78718,0.75,0.75
2011.12.06 21:00:06.954,0.78692,0.78728,0.75,0.75
2011.12.06 21:00:07.134,0.78691,0.78724,0.75,0.75
2011.12.06 21:00:07.615,0.78696,0.78729,0.75,0.75
2011.12.06 21:00:07.832,0.78692,0.78728,0.75,0.75
2011.12.06 21:00:07.945,0.78697,0.78728,0.75,0.75
2011.12.06 21:00:08.377,0.78695,0.78724,2.25,0.75
2011.12.06 21:00:08.811,0.78696,0.78729,0.75,0.75
2011.12.06 21:00:12.953,0.78695,0.78724,2.25,0.75
2011.12.06 21:00:13.067,0.78696,0.78729,0.75,0.75
2011.12.06 21:00:13.684,0.78701,0.78732,0.75,2.25
2011.12.06 21:00:15.659,0.78707,0.78732,0.75,2.25
2011.12.06 21:00:16.414,0.78701,0.78732,0.75,2.25
2011.12.06 21:00:17.566,0.78707,0.78732,0.75,2.25
2011.12.06 21:00:19.676,0.78702,0.78732,0.75,2.25
2011.12.06 21:00:20.824,0.78701,0.78732,0.75,2.25
2011.12.06 21:00:21.043,0.78701,0.78735,0.75,2.25
2011.12.06 21:00:21.736,0.787,0.78734,2.25,0.75
2011.12.06 21:00:22.633,0.78696,0.7873,0.75,2.25
2011.12.06 21:00:24.015,0.787,0.78734,2.25,0.75
2011.12.06 21:00:25.784,0.78696,0.78731,0.75,2.25
2011.12.06 21:00:26.033,0.78701,0.78734,0.75,0.75
2011.12.06 21:00:26.396,0.78703,0.78734,2.25,0.75
2011.12.06 21:00:27.429,0.78706,0.78739,0.75,0.75
2011.12.06 21:00:28.523,0.78703,0.78733,2.25,0.75
2011.12.06 21:00:29.603,0.787,0.78733,2.25,0.75
2011.12.06 21:00:30.687,0.78701,0.78735,0.75,2.25
2011.12.06 21:00:31.375,0.78706,0.78735,0.75,2.25
2011.12.06 21:00:31.675,0.787,0.78733,2.25,0.75
2011.12.06 21:00:31.933,0.78702,0.78735,0.75,2.25
2011.12.06 21:00:33.135,0.787,0.78733,2.25,0.75
2011.12.06 21:00:50.946,0.78702,0.78735,0.75,2.25
2011.12.06 21:00:51.871,0.787,0.78733,2.25,0.75
2011.12.06 21:00:52.885,0.78701,0.78735,0.75,2.25
2011.12.06 21:00:53.448,0.787,0.78734,2.25,0.75
2011.12.06 21:00:53.663,0.78696,0.78732,0.75,2.25
2011.12.06 21:00:56.116,0.78697,0.78728,0.75,0.75
2011.12.06 21:00:56.754,0.78697,0.78732,0.75,2.25
2011.12.06 21:01:08.308,0.787,0.78735,2.25,3.00
2011.12.06 21:01:08.785,0.787,0.78735,3.00,2.25
2011.12.06 21:01:09.115,0.78711,0.78748,3.00,2.25
2011.12.06 21:01:09.226,0.78711,0.78748,2.25,3.00
2011.12.06 21:01:09.555,0.78718,0.78755,2.25,3.00
2011.12.06 21:01:09.896,0.78726,0.78763,2.25,3.00
2011.12.06 21:01:10.224,0.78726,0.78763,2.25,3.00
2011.12.06 21:01:10.727,0.78735,0.78773,2.25,3.00
2011.12.06 21:01:10.826,0.78732,0.78767,2.25,3.00
2011.12.06 21:01:14.864,0.78732,0.78767,2.25,3.00
2011.12.06 21:01:15.085,0.78727,0.78764,2.25,3.00
2011.12.06 21:01:15.634,0.78726,0.78766,2.25,3.00
2011.12.06 21:01:15.970,0.78732,0.78767,2.25,3.00
2011.12.06 21:01:16.086,0.78732,0.78767,2.25,3.00
2011.12.06 21:01:16.504,0.78732,0.78767,2.25,3.00
2011.12.06 21:01:16.614,0.78727,0.78765,2.25,3.00
2011.12.06 21:01:19.355,0.78727,0.78765,2.25,3.00
2011.12.06 21:01:24.195,0.78727,0.78765,3.00,3.00
2011.12.06 21:01:24.525,0.78735,0.78772,2.25,3.00
2011.12.06 21:01:24.634,0.78726,0.78766,2.25,3.00
2011.12.06 21:01:31.487,0.78726,0.78766,2.25,3.00
2011.12.06 21:01:37.318,0.78726,0.78766,2.25,3.00
2011.12.06 21:01:40.254,0.78731,0.78768,2.25,3.00
2011.12.06 21:01:44.639,0.78731,0.78768,2.25,3.00
2011.12.06 21:01:48.206,0.78731,0.78768,2.25,3.00
2011.12.06 21:01:59.224,0.78731,0.78768,2.25,3.00
2011.12.06 21:01:59.928,0.78731,0.78768,2.25,3.00
2011.12.06 21:02:00.785,0.78736,0.78771,2.25,3.00
2011.12.06 21:02:01.115,0.78732,0.78767,2.25,3.00
2011.12.06 21:02:01.418,0.78732,0.78767,2.25,3.00
2011.12.06 21:02:02.897,0.78732,0.78767,2.25,3.00
2011.12.06 21:02:03.351,0.78728,0.78763,2.25,3.00
2011.12.06 21:02:03.575,0.78732,0.78767,2.25,3.00
2011.12.06 21:02:07.275,0.78735,0.78772,2.25,3.00
2011.12.06 21:02:09.616,0.78731,0.78768,2.25,3.00
2011.12.06 21:02:11.146,0.78731,0.78768,2.25,3.00
2011.12.06 21:02:11.365,0.78728,0.78763,2.25,3.00
2011.12.06 21:02:11.734,0.78736,0.78771,2.25,3.00
2011.12.06 21:02:14.165,0.78731,0.78768,2.25,3.00
2011.12.06 21:02:15.787,0.78731,0.78768,2.25,3.00
2011.12.06 21:02:15.897,0.78731,0.78768,2.25,3.00
2011.12.06 21:02:21.390,0.78731,0.78768,2.25,3.00
2011.12.06 21:02:27.879,0.78731,0.78768,2.25,3.00
2011.12.06 21:02:28.104,0.78726,0.78763,2.25,3.00
2011.12.06 21:02:28.477,0.78732,0.78767,2.25,3.00
2011.12.06 21:02:29.705,0.78736,0.78771,2.25,3.00
2011.12.06 21:02:41.775,0.78736,0.78771,2.25,3.00
2011.12.06 21:02:41.885,0.78731,0.78768,2.25,3.00
2011.12.06 21:02:42.229,0.78731,0.78768,2.25,3.00
2011.12.06 21:02:48.116,0.78731,0.78768,2.25,3.00
2011.12.06 21:02:48.224,0.78726,0.78763,2.25,3.00
2011.12.06 21:02:49.998,0.78726,0.78763,2.25,3.00
2011.12.06 21:02:50.735,0.78726,0.78763,2.25,3.00
2011.12.06 21:02:51.224,0.78731,0.78768,2.25,3.00
2011.12.06 21:02:54.936,0.78731,0.78768,2.25,3.00
2011.12.06 21:03:03.573,0.78731,0.78768,2.25,3.00
2011.12.06 21:03:06.385,0.78731,0.78768,2.25,3.00
2011.12.06 21:03:06.605,0.78727,0.78765,2.25,3.00
2011.12.06 21:03:06.714,0.78724,0.78761,2.25,3.00
2011.12.06 21:03:07.517,0.78723,0.78759,2.25,3.00
2011.12.06 21:03:09.575,0.78726,0.78763,2.25,3.00
2011.12.06 21:03:10.315,0.78723,0.78759,2.25,3.00
2011.12.06 21:03:10.666,0.78723,0.78759,2.25,3.00
2011.12.06 21:03:10.884,0.78725,0.78764,2.25,3.00
2011.12.06 21:03:36.735,0.78725,0.78764,2.25,3.00
2011.12.06 21:03:36.899,0.78725,0.78764,2.25,3.00
2011.12.06 21:03:52.965,0.7873,0.78767,2.25,3.00
2011.12.06 21:03:54.746,0.7873,0.78767,2.25,3.00
2011.12.06 21:03:56.334,0.78735,0.7877,2.25,3.00
2011.12.06 21:03:56.847,0.78731,0.78766,2.25,3.00
2011.12.06 21:04:00.797,0.78731,0.78766,2.25,3.00
2011.12.06 21:04:01.372,0.78734,0.78771,2.25,3.00
2011.12.06 21:04:01.486,0.78731,0.78766,2.25,3.00
2011.12.06 21:04:08.323,0.78734,0.78771,2.25,3.00
2011.12.06 21:04:08.544,0.7873,0.78767,2.25,3.00
2011.12.06 21:04:10.965,0.7873,0.78767,2.25,3.00
2011.12.06 21:04:11.186,0.78734,0.78771,2.25,3.00
2011.12.06 21:04:11.489,0.7873,0.78767,2.25,3.00
2011.12.06 21:04:11.616,0.7873,0.78767,2.25,3.00
2011.12.06 21:04:11.833,0.78727,0.78763,2.25,3.00
2011.12.06 21:04:15.861,0.78727,0.78763,3.00,3.00
2011.12.06 21:04:16.135,0.78727,0.78763,2.25,3.00
2011.12.06 21:04:24.898,0.78727,0.78763,3.00,3.00
2011.12.06 21:04:28.315,0.78727,0.78763,2.25,3.00
2011.12.06 21:04:29.019,0.78728,0.78763,2.25,3.00
2011.12.06 21:04:31.163,0.78728,0.78763,2.25,3.00
2011.12.06 21:04:33.495,0.78728,0.78763,2.25,2.25
2011.12.06 21:04:33.636,0.78731,0.78768,2.25,3.00
2011.12.06 21:04:43.877,0.78731,0.78768,2.25,3.00
2011.12.06 21:04:44.246,0.78727,0.78764,3.00,3.00
2011.12.06 21:04:46.724,0.78727,0.78764,2.25,3.00
2011.12.06 21:04:46.834,0.7872,0.78757,2.25,3.00
2011.12.06 21:04:47.053,0.78724,0.78761,2.25,3.00
2011.12.06 21:04:47.394,0.78727,0.78764,2.25,3.00
2011.12.06 21:04:55.209,0.78727,0.78764,2.25,3.00
2011.12.06 21:05:08.127,0.78727,0.78764,2.25,3.00
2011.12.06 21:05:12.214,0.78727,0.78764,2.25,3.00
2011.12.06 21:05:12.375,0.78725,0.7876,2.25,3.00
2011.12.06 21:05:12.985,0.78725,0.7876,3.00,3.00
2011.12.06 21:05:13.565,0.78728,0.78763,2.25,3.00
2011.12.06 21:05:26.383,0.78733,0.78769,2.25,3.00
2011.12.06 21:05:33.898,0.78733,0.78769,2.25,3.00
2011.12.06 21:05:34.017,0.78733,0.78769,2.25,3.00
2011.12.06 21:05:37.447,0.78733,0.78769,2.25,3.00
2011.12.06 21:05:57.714,0.78733,0.78769,2.25,3.00
2011.12.06 21:05:57.935,0.78736,0.78773,2.25,3.00
2011.12.06 21:05:58.155,0.78736,0.78773,2.25,3.00
2011.12.06 21:05:58.265,0.78732,0.7877,2.25,3.00
2011.12.06 21:05:59.086,0.78731,0.78771,3.00,3.00
2011.12.06 21:05:59.197,0.78736,0.78773,2.25,3.00
2011.12.06 21:06:02.078,0.78729,0.78766,3.00,2.25
2011.12.06 21:06:02.187,0.78728,0.78764,3.00,2.25
2011.12.06 21:06:02.397,0.78728,0.78764,2.25,3.00
2011.12.06 21:06:07.141,0.78731,0.78768,2.25,3.00
2011.12.06 21:06:07.459,0.78731,0.78768,3.00,2.25
2011.12.06 21:06:13.736,0.78729,0.78763,3.00,2.25
2011.12.06 21:06:16.486,0.78731,0.78768,3.00,2.25
2011.12.06 21:06:17.407,0.78731,0.78768,2.25,3.00
2011.12.06 21:06:20.105,0.78735,0.78772,2.25,3.00
2011.12.06 21:06:30.825,0.78732,0.78768,2.25,3.00
2011.12.06 21:06:33.215,0.78735,0.78772,2.25,3.00
2011.12.06 21:06:41.627,0.78735,0.78772,3.00,2.25
2011.12.06 21:06:45.599,0.78735,0.78772,2.25,3.00
2011.12.06 21:06:59.415,0.78735,0.78772,3.00,2.25
2011.12.06 21:07:10.264,0.78735,0.78772,3.00,3.00
2011.12.06 21:07:10.708,0.78739,0.78776,2.25,3.00
2011.12.06 21:07:12.365,0.78739,0.78776,2.25,3.00
2011.12.06 21:07:12.584,0.78736,0.78771,3.00,2.25
2011.12.06 21:07:12.913,0.78739,0.78776,2.25,3.00
2011.12.06 21:07:13.134,0.78735,0.78772,3.00,2.25
2011.12.06 21:07:19.026,0.78735,0.78772,2.25,3.00
2011.12.06 21:07:19.625,0.78735,0.78772,3.00,2.25
2011.12.06 21:07:26.865,0.78735,0.78772,3.00,2.25
2011.12.06 21:07:27.658,0.7874,0.78775,3.00,3.00
2011.12.06 21:07:34.675,0.7874,0.78775,2.25,3.00
2011.12.06 21:07:35.967,0.7874,0.78775,2.25,3.00
2011.12.06 21:07:36.075,0.78735,0.78772,3.00,2.25
2011.12.06 21:07:37.225,0.78735,0.78772,2.25,3.00
2011.12.06 21:07:41.939,0.78735,0.78772,3.00,2.25
2011.12.06 21:07:46.397,0.78735,0.78772,3.00,2.25
2011.12.06 21:07:46.725,0.78732,0.78768,3.00,2.25
2011.12.06 21:07:47.495,0.78735,0.78772,2.25,3.00
2011.12.06 21:07:50.845,0.78735,0.78772,2.25,3.00
2011.12.06 21:07:51.037,0.78735,0.78772,2.25,3.00
2011.12.06 21:07:51.896,0.78735,0.78772,3.00,2.25
2011.12.06 21:08:01.435,0.78735,0.78772,2.25,3.00
2011.12.06 21:08:14.528,0.78735,0.78772,3.00,2.25
2011.12.06 21:08:15.403,0.78735,0.78772,3.00,3.00
2011.12.06 21:08:16.505,0.78739,0.78776,2.25,3.00
2011.12.06 21:08:32.634,0.78739,0.78776,2.25,3.00
2011.12.06 21:08:33.846,0.78734,0.78771,2.25,3.00
2011.12.06 21:08:34.496,0.78734,0.78762,2.25,2.10
2011.12.06 21:08:34.719,0.78698,0.78767,3.00,3.00
2011.12.06 21:08:34.826,0.78699,0.78767,1.50,3.00
2011.12.06 21:08:34.937,0.78708,0.78767,3.00,3.00
2011.12.06 21:08:35.467,0.78707,0.78758,2.25,3.00
2011.12.06 21:08:35.705,0.78697,0.78758,2.25,3.00
2011.12.06 21:08:35.926,0.78696,0.78749,3.00,3.00
2011.12.06 21:08:36.256,0.78688,0.78748,1.50,3.00
2011.12.06 21:08:36.933,0.78698,0.78755,2.25,1.50
2011.12.06 21:08:37.906,0.78698,0.78755,2.25,1.50
2011.12.06 21:08:39.766,0.787,0.78757,1.50,3.00
2011.12.06 21:08:40.208,0.78716,0.78759,2.25,3.00
2011.12.06 21:08:45.315,0.78711,0.78756,3.00,3.00
2011.12.06 21:08:45.424,0.78711,0.78756,3.00,3.00
2011.12.06 21:08:51.975,0.78711,0.78756,3.00,3.00
2011.12.06 21:08:52.348,0.78711,0.78756,3.00,3.00
2011.12.06 21:08:52.680,0.78711,0.78756,3.00,3.00
2011.12.06 21:08:53.448,0.78711,0.78756,3.00,3.00
2011.12.06 21:08:58.689,0.78711,0.78756,3.00,3.00
2011.12.06 21:08:59.035,0.78707,0.78752,3.00,3.00
2011.12.06 21:09:02.396,0.78707,0.78752,3.00,2.25
2011.12.06 21:09:04.133,0.78707,0.78752,3.00,3.00
2011.12.06 21:09:04.764,0.78711,0.78746,3.00,2.25
2011.12.06 21:09:04.877,0.78712,0.78755,3.00,3.00
2011.12.06 21:09:05.658,0.78712,0.78755,3.00,3.00
2011.12.06 21:09:06.317,0.78712,0.78755,2.25,3.00
2011.12.06 21:09:11.154,0.78712,0.78755,3.00,3.00
2011.12.06 21:09:11.374,0.78721,0.78756,2.25,3.00
2011.12.06 21:09:11.906,0.78722,0.78765,2.25,3.75
2011.12.06 21:09:12.517,0.7872,0.78757,2.25,3.00
2011.12.06 21:09:15.162,0.7872,0.78757,2.25,3.00
2011.12.06 21:09:18.085,0.78722,0.78765,2.25,3.00
2011.12.06 21:09:23.118,0.78722,0.78765,2.25,3.00
2011.12.06 21:09:24.138,0.78721,0.78756,2.25,3.00
2011.12.06 21:09:26.229,0.78721,0.78756,2.25,3.00
2011.12.06 21:09:26.338,0.78715,0.7876,3.00,3.00
2011.12.06 21:09:28.863,0.78712,0.78755,3.00,3.00
2011.12.06 21:09:33.374,0.7872,0.78757,2.25,3.00
2011.12.06 21:09:33.595,0.78711,0.78756,3.00,3.00
2011.12.06 21:09:38.697,0.78711,0.78756,3.00,3.00
2011.12.06 21:09:44.576,0.78711,0.78756,3.00,3.00
2011.12.06 21:09:45.958,0.78711,0.78756,2.25,3.00
2011.12.06 21:09:50.337,0.78711,0.78756,3.00,3.00
2011.12.06 21:09:52.128,0.78711,0.78756,3.00,3.00
2011.12.06 21:09:54.656,0.78711,0.78756,3.00,3.00
2011.12.06 21:09:58.323,0.78711,0.78756,3.00,3.00
2011.12.06 21:10:00.458,0.78711,0.78756,3.00,3.00
2011.12.06 21:10:04.198,0.78711,0.78756,3.00,3.00
2011.12.06 21:10:05.626,0.78711,0.78756,2.25,3.00
2011.12.06 21:10:05.975,0.78715,0.7876,2.25,3.00
2011.12.06 21:10:07.229,0.78715,0.7876,3.00,3.00
2011.12.06 21:10:09.377,0.78715,0.7876,2.25,3.00
2011.12.06 21:10:10.466,0.78715,0.7876,3.00,3.00
2011.12.06 21:10:14.797,0.78715,0.7876,2.25,3.00
2011.12.06 21:10:22.490,0.78715,0.7876,3.00,3.00
2011.12.06 21:10:22.608,0.78715,0.7876,2.25,3.00
2011.12.06 21:10:23.371,0.78715,0.7876,3.00,3.00
2011.12.06 21:10:26.484,0.78716,0.78759,3.00,3.00
2011.12.06 21:10:27.056,0.78712,0.78755,3.00,2.25
2011.12.06 21:10:28.306,0.78712,0.78755,3.00,2.25
2011.12.06 21:10:28.524,0.78712,0.78755,3.00,2.25
2011.12.06 21:10:29.054,0.78711,0.78756,3.00,2.25
2011.12.06 21:10:29.906,0.78711,0.78756,3.00,2.25
2011.12.06 21:10:30.184,0.78711,0.78756,3.00,2.25
2011.12.06 21:10:30.930,0.78721,0.78756,2.25,3.00
2011.12.06 21:10:34.646,0.78722,0.78765,3.00,3.00
2011.12.06 21:10:34.964,0.78722,0.78765,2.25,3.00
2011.12.06 21:10:35.074,0.7872,0.78757,2.25,3.00
2011.12.06 21:10:35.294,0.78712,0.78765,3.00,3.00
2011.12.06 21:10:35.725,0.78712,0.78765,3.00,3.00
2011.12.06 21:10:37.996,0.78713,0.78764,3.00,2.25
2011.12.06 21:10:38.105,0.78725,0.78773,3.00,1.50
2011.12.06 21:10:38.525,0.78725,0.78776,3.00,3.00
2011.12.06 21:10:39.207,0.78725,0.78776,3.00,3.00
2011.12.06 21:10:44.819,0.7872,0.78773,3.00,3.00
2011.12.06 21:10:45.667,0.7872,0.78773,3.00,3.00
2011.12.06 21:10:48.145,0.78716,0.78784,3.00,1.50
2011.12.06 21:10:50.117,0.78711,0.78772,3.00,3.00
2011.12.06 21:10:50.456,0.78706,0.78769,3.00,3.00
2011.12.06 21:10:51.158,0.78706,0.78769,3.00,3.00
2011.12.06 21:10:51.377,0.78707,0.78777,3.00,1.50
2011.12.06 21:10:52.587,0.78714,0.78761,3.00,2.25
2011.12.06 21:10:54.265,0.78714,0.78761,3.00,2.25
2011.12.06 21:10:54.375,0.7872,0.78763,3.00,3.00
2011.12.06 21:10:59.546,0.78708,0.78751,3.00,2.25
2011.12.06 21:10:59.765,0.78711,0.78756,3.00,2.25
2011.12.06 21:10:59.996,0.78707,0.7876,3.00,3.00
2011.12.06 21:11:00.376,0.78706,0.78753,3.00,2.25
2011.12.06 21:11:00.485,0.78706,0.78753,3.00,2.25
2011.12.06 21:11:02.637,0.78706,0.78753,3.00,2.25
2011.12.06 21:11:02.855,0.78716,0.78759,3.00,3.00
2011.12.06 21:11:02.965,0.78716,0.78759,3.00,3.00
2011.12.06 21:11:03.325,0.7872,0.78763,2.25,3.00
2011.12.06 21:11:03.545,0.78711,0.78756,3.00,3.00
2011.12.06 21:11:04.045,0.78711,0.78756,3.00,3.00
2011.12.06 21:11:04.617,0.78707,0.78752,3.00,2.25
2011.12.06 21:11:04.835,0.78712,0.78755,3.00,3.00
2011.12.06 21:11:07.917,0.78712,0.78755,3.00,3.00
2011.12.06 21:11:09.227,0.78707,0.78752,3.00,2.25
2011.12.06 21:11:10.057,0.78707,0.78752,3.00,3.00
2011.12.06 21:11:10.416,0.78706,0.78743,3.00,2.25
2011.12.06 21:11:11.967,0.78706,0.78743,3.00,2.25
2011.12.06 21:11:12.186,0.78711,0.78746,3.00,2.25
2011.12.06 21:11:13.319,0.78706,0.78743,3.00,2.25
2011.12.06 21:11:14.576,0.78715,0.7875,3.00,3.00
2011.12.06 21:11:15.617,0.78715,0.7875,2.25,3.00
2011.12.06 21:11:15.726,0.78703,0.78738,3.00,2.25
2011.12.06 21:11:16.037,0.78706,0.78743,3.00,2.25
2011.12.06 21:11:26.441,0.78706,0.78743,3.00,3.00
2011.12.06 21:11:26.547,0.78706,0.78743,3.00,2.25
2011.12.06 21:11:27.110,0.78702,0.78739,3.00,2.25
2011.12.06 21:11:29.868,0.78702,0.78739,3.00,2.25
2011.12.06 21:11:36.857,0.78702,0.78739,3.00,2.25
2011.12.06 21:11:38.964,0.78702,0.78739,3.00,2.25
2011.12.06 21:11:41.257,0.78702,0.78739,3.00,2.25
2011.12.06 21:11:42.017,0.78703,0.78748,3.00,3.00
2011.12.06 21:11:50.401,0.78703,0.78748,3.00,2.25
2011.12.06 21:11:55.588,0.78703,0.78748,3.00,2.25
2011.12.06 21:11:56.316,0.78714,0.78757,3.00,1.50
2011.12.06 21:12:03.909,0.7871,0.78754,3.00,3.75
2011.12.06 21:12:04.016,0.7871,0.78753,3.00,1.50
2011.12.06 21:12:06.703,0.78707,0.78749,3.00,2.25
2011.12.06 21:12:08.997,0.78707,0.78749,3.00,3.00
2011.12.06 21:12:09.106,0.78702,0.78746,3.00,2.25
2011.12.06 21:12:15.168,0.78702,0.78746,3.00,3.00
2011.12.06 21:12:15.627,0.78702,0.78746,3.00,2.25
2011.12.06 21:12:34.358,0.78698,0.78742,3.00,2.25
2011.12.06 21:12:36.607,0.78695,0.78738,3.00,2.25
2011.12.06 21:12:39.148,0.78695,0.78738,3.00,2.25
2011.12.06 21:12:39.368,0.78695,0.78738,3.00,3.00
2011.12.06 21:12:40.690,0.78695,0.78738,3.00,2.25
2011.12.06 21:12:41.179,0.78698,0.78742,3.00,2.25
2011.12.06 21:12:44.426,0.78702,0.78746,3.00,3.00
2011.12.06 21:12:45.626,0.78698,0.78742,3.00,2.25
2011.12.06 21:12:46.350,0.78694,0.78739,3.00,2.25
2011.12.06 21:12:46.920,0.78694,0.78739,3.00,3.00
2011.12.06 21:12:48.898,0.78694,0.78739,3.00,3.00
2011.12.06 21:12:50.920,0.78694,0.78739,3.00,3.00
2011.12.06 21:12:54.227,0.78694,0.78739,3.00,3.00
2011.12.06 21:12:54.558,0.78698,0.78742,3.00,3.00
2011.12.06 21:13:01.809,0.78697,0.78733,3.00,2.25
2011.12.06 21:13:08.176,0.78699,0.78741,3.00,3.00
2011.12.06 21:13:14.019,0.78695,0.78738,3.00,2.25
2011.12.06 21:13:14.237,0.78698,0.78742,2.25,3.75
2011.12.06 21:13:15.638,0.78694,0.78739,3.00,3.00
2011.12.06 21:13:20.456,0.78694,0.78739,3.00,3.00
2011.12.06 21:13:20.727,0.78693,0.7873,2.25,3.00
2011.12.06 21:13:20.946,0.78667,0.78725,3.00,2.25
2011.12.06 21:13:21.057,0.78675,0.78727,3.00,2.25
2011.12.06 21:13:21.396,0.7868,0.7873,3.00,2.25
2011.12.06 21:13:24.727,0.78688,0.78732,3.00,2.25
2011.12.06 21:13:24.836,0.78688,0.78732,3.00,3.00
2011.12.06 21:13:27.218,0.78685,0.78727,3.00,2.25
2011.12.06 21:13:38.127,0.78685,0.78727,3.00,3.00
2011.12.06 21:13:39.786,0.78675,0.78727,3.00,3.00
2011.12.06 21:13:40.007,0.78675,0.78727,3.00,2.25
2011.12.06 21:13:45.162,0.78675,0.78727,3.00,2.25
2011.12.06 21:13:45.561,0.78681,0.78724,3.00,2.25
2011.12.06 21:13:45.678,0.78682,0.78733,3.00,3.00
2011.12.06 21:13:46.180,0.78682,0.78733,3.00,3.75
2011.12.06 21:13:49.272,0.78682,0.78733,3.00,2.25
2011.12.06 21:13:50.138,0.78682,0.78733,3.00,3.00
2011.12.06 21:14:03.888,0.78682,0.78733,3.00,2.25
2011.12.06 21:14:03.997,0.78685,0.78738,3.00,2.25
2011.12.06 21:14:04.107,0.78681,0.78734,3.00,2.25
2011.12.06 21:14:04.621,0.78681,0.78734,3.00,3.00
2011.12.06 21:14:11.323,0.78681,0.78734,3.00,2.25
2011.12.06 21:14:23.168,0.7869,0.7874,3.00,3.00
2011.12.06 21:14:24.179,0.78689,0.78741,3.00,3.00
2011.12.06 21:14:25.120,0.78684,0.78739,3.00,3.00
2011.12.06 21:14:26.717,0.78702,0.78741,3.00,3.00
2011.12.06 21:14:27.698,0.78702,0.78741,3.00,2.25
2011.12.06 21:14:29.678,0.78702,0.78741,2.25,3.00
2011.12.06 21:14:30.246,0.78702,0.78741,3.00,2.25
2011.12.06 21:14:31.437,0.78702,0.78741,3.00,3.00
2011.12.06 21:14:37.380,0.78702,0.78741,3.00,2.25
2011.12.06 21:14:38.418,0.78702,0.78741,3.00,3.00
2011.12.06 21:14:40.693,0.78702,0.78741,2.25,3.00
2011.12.06 21:14:43.656,0.78702,0.78741,3.00,3.00
2011.12.06 21:14:43.913,0.78702,0.78741,2.25,3.00
2011.12.06 21:14:44.207,0.78705,0.78742,2.25,3.00
2011.12.06 21:14:45.158,0.78705,0.78742,2.25,3.00
2011.12.06 21:14:45.708,0.78705,0.78742,2.25,3.00
2011.12.06 21:14:47.303,0.78705,0.78742,3.00,2.25
2011.12.06 21:14:47.481,0.78705,0.78742,2.25,3.00
2011.12.06 21:14:48.122,0.78705,0.78742,3.00,2.25
2011.12.06 21:14:51.197,0.78705,0.78742,2.25,3.00
2011.12.06 21:14:54.247,0.7871,0.78745,2.25,3.00
2011.12.06 21:14:54.911,0.7871,0.78745,2.25,3.00
2011.12.06 21:14:57.708,0.7871,0.78745,2.25,3.00
2011.12.06 21:14:58.043,0.7871,0.78745,2.25,3.00
2011.12.06 21:14:59.460,0.7871,0.78745,2.25,3.00
2011.12.06 21:15:00.788,0.7871,0.78745,2.25,3.00
2011.12.06 21:15:00.901,0.78706,0.78741,2.25,3.00
2011.12.06 21:15:01.012,0.78706,0.78741,2.25,3.00
2011.12.06 21:15:02.579,0.78706,0.78741,2.25,3.00
2011.12.06 21:15:03.149,0.78709,0.78746,2.25,3.00
2011.12.06 21:15:03.690,0.78709,0.78746,2.25,3.00
2011.12.06 21:15:09.117,0.78709,0.78746,2.25,3.00
2011.12.06 21:15:09.677,0.78709,0.78746,2.25,3.00
2011.12.06 21:15:12.410,0.78709,0.78746,2.25,3.00
2011.12.06 21:15:19.859,0.78709,0.78746,2.25,3.00
2011.12.06 21:15:33.288,0.78714,0.78751,2.25,3.00
2011.12.06 21:15:33.507,0.78714,0.78751,2.25,3.00
2011.12.06 21:15:35.885,0.78714,0.78751,2.25,3.00
2011.12.06 21:15:36.060,0.78714,0.78751,2.25,3.00
2011.12.06 21:15:36.610,0.78709,0.78746,2.25,3.00
2011.12.06 21:15:36.721,0.78715,0.7875,2.25,3.00
2011.12.06 21:15:37.058,0.78704,0.7874,2.25,3.00
2011.12.06 21:15:37.277,0.78709,0.78746,2.25,3.00
2011.12.06 21:15:40.187,0.78709,0.78746,2.25,3.00
2011.12.06 21:15:41.169,0.78709,0.78746,2.25,3.00
2011.12.06 21:15:41.659,0.78709,0.78746,2.25,3.00
2011.12.06 21:15:44.151,0.78709,0.78746,2.25,3.00
2011.12.06 21:15:44.960,0.78709,0.78746,2.25,3.00
2011.12.06 21:15:48.662,0.78709,0.78746,2.25,3.00
2011.12.06 21:15:48.920,0.78709,0.78746,2.25,3.00
2011.12.06 21:15:51.128,0.78705,0.78739,2.25,3.00
2011.12.06 21:15:51.355,0.7871,0.78745,2.25,3.00
2011.12.06 21:15:58.382,0.7871,0.78745,2.25,3.00
2011.12.06 21:16:00.201,0.7871,0.78745,2.25,3.00
2011.12.06 21:16:01.340,0.7871,0.78745,2.25,3.00
2011.12.06 21:16:17.113,0.7871,0.78745,2.25,3.00
2011.12.06 21:16:17.264,0.7871,0.78745,2.25,3.00
2011.12.06 21:16:17.377,0.7871,0.78745,2.25,3.00
2011.12.06 21:16:17.758,0.7871,0.78745,2.25,3.00
2011.12.06 21:16:18.093,0.7871,0.78745,2.25,3.00
2011.12.06 21:16:22.569,0.7871,0.78745,2.25,3.00
2011.12.06 21:16:26.128,0.7871,0.78745,2.25,3.00
2011.12.06 21:16:27.669,0.7871,0.78745,2.25,3.00
2011.12.06 21:16:33.112,0.78691,0.78744,3.00,3.00
2011.12.06 21:16:33.227,0.78691,0.78744,3.00,3.00
2011.12.06 21:16:42.627,0.78692,0.78743,2.25,3.00
2011.12.06 21:16:44.388,0.78692,0.78743,2.25,3.00
2011.12.06 21:16:44.939,0.78692,0.78743,3.00,3.00
2011.12.06 21:16:48.737,0.78692,0.78743,3.00,3.00
2011.12.06 21:16:50.658,0.78692,0.78743,3.00,3.00
2011.12.06 21:16:53.961,0.78692,0.78743,3.00,2.25
2011.12.06 21:16:54.350,0.78682,0.78718,3.00,2.25
2011.12.06 21:16:54.457,0.78682,0.78718,2.25,3.00
2011.12.06 21:16:54.677,0.78662,0.78698,3.00,2.25
2011.12.06 21:16:55.017,0.78657,0.78693,3.00,2.25
2011.12.06 21:16:55.347,0.78663,0.78697,3.00,2.25
2011.12.06 21:16:55.460,0.78663,0.78697,3.00,2.25
2011.12.06 21:16:55.566,0.78657,0.78693,3.00,2.25
2011.12.06 21:16:55.679,0.78669,0.78703,3.00,1.50
2011.12.06 21:16:55.788,0.78669,0.78718,3.00,1.50
2011.12.06 21:16:56.008,0.78671,0.78727,3.00,1.50
2011.12.06 21:16:56.957,0.78672,0.78738,3.00,3.00
2011.12.06 21:16:57.317,0.7869,0.7874,2.25,3.00
2011.12.06 21:17:00.628,0.7869,0.7874,2.25,3.00
2011.12.06 21:17:00.880,0.7869,0.7874,2.25,3.00
2011.12.06 21:17:01.179,0.7869,0.7874,2.25,3.00
2011.12.06 21:17:01.492,0.7869,0.7874,2.25,3.00
2011.12.06 21:17:02.648,0.7869,0.7874,2.25,3.00
2011.12.06 21:17:06.208,0.7869,0.7874,3.00,3.00
2011.12.06 21:17:10.006,0.78687,0.78723,3.00,2.25
2011.12.06 21:17:12.287,0.78687,0.78723,3.00,2.25
2011.12.06 21:17:12.397,0.78692,0.78759,2.25,3.00
2011.12.06 21:17:12.507,0.787,0.78751,2.25,3.00
2011.12.06 21:17:15.629,0.78709,0.78752,2.25,3.00
2011.12.06 21:17:17.877,0.78709,0.78752,2.25,3.00
2011.12.06 21:17:21.614,0.78709,0.78752,2.25,3.00
2011.12.06 21:17:21.729,0.78709,0.78752,2.25,3.00
2011.12.06 21:17:22.369,0.78709,0.78752,2.25,3.00
2011.12.06 21:17:22.476,0.78709,0.78752,2.25,3.00
2011.12.06 21:17:24.071,0.78709,0.78752,2.25,3.00
2011.12.06 21:17:28.310,0.78709,0.78752,2.25,3.00
2011.12.06 21:17:33.727,0.78709,0.78752,2.25,3.00
2011.12.06 21:17:49.719,0.78709,0.78762,2.25,3.00
2011.12.06 21:17:49.845,0.78709,0.78762,2.25,3.00
2011.12.06 21:17:49.961,0.78709,0.78762,2.25,3.00
2011.12.06 21:17:52.648,0.78709,0.78762,2.25,3.00
2011.12.06 21:17:53.899,0.78709,0.78762,2.25,3.00
2011.12.06 21:17:58.070,0.78709,0.78762,2.25,3.00
2011.12.06 21:18:00.958,0.78709,0.78762,2.25,3.00
2011.12.06 21:18:01.860,0.78709,0.78752,2.25,3.00
2011.12.06 21:18:01.970,0.78709,0.78762,2.25,3.00
2011.12.06 21:18:08.737,0.78698,0.78749,3.00,3.00
2011.12.06 21:18:08.860,0.78705,0.78758,2.25,3.00
2011.12.06 21:18:09.179,0.78705,0.78758,2.25,3.00
2011.12.06 21:18:09.398,0.78698,0.78749,2.25,3.00
2011.12.06 21:18:09.737,0.78705,0.78758,2.25,3.00
2011.12.06 21:18:10.464,0.78705,0.78758,2.25,3.00
2011.12.06 21:18:12.269,0.78705,0.78758,2.25,3.00
2011.12.06 21:18:13.909,0.78705,0.78758,2.25,3.00
2011.12.06 21:18:15.872,0.78709,0.78762,2.25,3.00
2011.12.06 21:18:20.005,0.78709,0.78762,2.25,3.00
2011.12.06 21:18:25.397,0.78704,0.78759,3.00,3.00
2011.12.06 21:18:28.708,0.78698,0.78749,3.00,3.00
2011.12.06 21:18:29.638,0.78698,0.78749,3.00,3.00
2011.12.06 21:18:29.968,0.7871,0.78761,2.25,3.00
2011.12.06 21:18:30.077,0.78704,0.78759,3.00,3.00
2011.12.06 21:18:30.700,0.78704,0.78759,2.25,3.00
2011.12.06 21:18:31.316,0.78703,0.7875,2.25,3.00
2011.12.06 21:18:31.751,0.78703,0.7875,2.25,3.00
2011.12.06 21:18:32.120,0.78703,0.7875,2.25,3.00
2011.12.06 21:18:32.339,0.78697,0.7874,2.25,3.00
2011.12.06 21:18:32.447,0.78697,0.7874,3.00,3.00
2011.12.06 21:18:32.668,0.78704,0.78749,2.25,3.00
2011.12.06 21:18:36.128,0.78704,0.78749,2.25,3.00
2011.12.06 21:18:36.612,0.78697,0.7874,2.25,3.00
2011.12.06 21:18:36.898,0.78697,0.7874,3.00,3.00
2011.12.06 21:18:37.118,0.78697,0.7874,2.25,3.00
2011.12.06 21:18:42.216,0.78697,0.7874,2.25,3.00
2011.12.06 21:18:42.437,0.78703,0.7875,2.25,3.00
2011.12.06 21:18:43.170,0.78703,0.7875,2.25,3.00
2011.12.06 21:18:44.770,0.78703,0.7875,2.25,3.00
2011.12.06 21:18:48.987,0.78703,0.7875,2.25,3.00
2011.12.06 21:18:50.140,0.78709,0.78752,2.25,3.00
2011.12.06 21:18:50.649,0.78709,0.78752,2.25,3.00
2011.12.06 21:18:50.869,0.78709,0.78752,2.25,3.00
2011.12.06 21:19:01.710,0.78709,0.78752,2.25,3.00
2011.12.06 21:19:07.867,0.78704,0.78749,2.25,3.00
2011.12.06 21:19:08.274,0.78708,0.78753,2.25,3.00
2011.12.06 21:19:18.337,0.78713,0.78755,2.25,3.00
2011.12.06 21:19:19.639,0.78713,0.78755,2.25,3.00
2011.12.06 21:19:20.039,0.78717,0.78759,2.25,3.00
2011.12.06 21:19:20.409,0.78717,0.78759,2.25,3.00
2011.12.06 21:19:22.038,0.78719,0.78765,2.25,1.50
2011.12.06 21:19:24.763,0.78721,0.78766,1.50,3.00
2011.12.06 21:19:24.991,0.78728,0.78772,2.25,3.00
2011.12.06 21:19:25.356,0.78734,0.78779,2.25,3.00
2011.12.06 21:19:25.577,0.78738,0.78783,2.25,3.00
2011.12.06 21:19:25.908,0.78743,0.78786,2.25,3.00
2011.12.06 21:19:26.019,0.78733,0.7878,2.25,3.00
2011.12.06 21:19:26.309,0.78739,0.78782,2.25,3.00
2011.12.06 21:19:30.259,0.78739,0.78782,2.25,3.00
2011.12.06 21:19:31.569,0.78739,0.78782,2.25,3.00
2011.12.06 21:19:32.728,0.78739,0.78782,2.25,3.00
2011.12.06 21:19:34.999,0.78729,0.78789,2.25,1.50
2011.12.06 21:19:39.767,0.78725,0.7878,2.25,1.50
2011.12.06 21:19:40.042,0.78725,0.7878,2.25,1.50
2011.12.06 21:19:40.430,0.78722,0.78778,2.25,1.50
2011.12.06 21:19:42.128,0.78717,0.78778,2.25,1.50
2011.12.06 21:19:55.110,0.78718,0.78776,2.25,1.50
2011.12.06 21:20:01.005,0.78711,0.78774,1.50,3.00
2011.12.06 21:20:01.118,0.7871,0.78768,3.00,1.50
2011.12.06 21:20:06.381,0.7871,0.78766,2.25,1.50
2011.12.06 21:20:06.708,0.78703,0.78758,3.00,1.50
2011.12.06 21:20:08.579,0.78703,0.78755,3.00,1.50
2011.12.06 21:20:11.392,0.78703,0.78755,3.00,1.50
2011.12.06 21:20:11.720,0.78703,0.78755,3.00,1.50
2011.12.06 21:20:28.507,0.78703,0.78764,3.00,1.50
2011.12.06 21:20:28.838,0.78712,0.7876,2.25,1.50
2011.12.06 21:20:28.947,0.78709,0.7876,2.25,1.50
2011.12.06 21:20:29.060,0.78699,0.7876,3.00,1.50
2011.12.06 21:20:34.217,0.787,0.7876,3.00,1.50
2011.12.06 21:20:34.437,0.78703,0.78762,3.00,1.50
2011.12.06 21:20:35.399,0.78703,0.78762,3.00,1.50
2011.12.06 21:20:38.347,0.78703,0.78762,2.25,1.50
2011.12.06 21:20:41.950,0.78703,0.78762,3.00,1.50
2011.12.06 21:20:42.578,0.78703,0.7876,3.00,1.50
2011.12.06 21:20:43.282,0.78709,0.78762,3.00,3.00
2011.12.06 21:20:47.563,0.78709,0.78762,3.00,3.00
2011.12.06 21:20:49.169,0.78709,0.78762,3.00,3.00
2011.12.06 21:20:53.672,0.78709,0.78762,3.00,3.00
2011.12.06 21:20:54.120,0.78709,0.78762,3.00,3.00
2011.12.06 21:20:55.501,0.78709,0.78762,3.00,3.00
2011.12.06 21:20:57.421,0.78709,0.78762,3.00,2.25
2011.12.06 21:21:07.649,0.78709,0.78762,3.00,3.00
2011.12.06 21:21:16.783,0.78709,0.78762,3.00,2.25
2011.12.06 21:21:17.343,0.78709,0.78762,3.00,3.00
2011.12.06 21:21:22.148,0.78709,0.78762,3.00,2.25
2011.12.06 21:21:29.290,0.78709,0.78762,3.00,3.00
2011.12.06 21:21:30.169,0.78713,0.78764,3.00,1.50
2011.12.06 21:21:44.860,0.78713,0.78766,3.00,3.00
2011.12.06 21:21:59.957,0.78716,0.78771,3.00,3.00
2011.12.06 21:22:02.681,0.78716,0.78771,3.00,3.00
2011.12.06 21:22:06.426,0.78716,0.78771,3.00,3.00
2011.12.06 21:22:07.019,0.78716,0.78771,3.00,3.00
2011.12.06 21:22:11.268,0.78716,0.78771,3.00,3.00
2011.12.06 21:22:17.033,0.78716,0.78771,3.00,3.00
2011.12.06 21:22:33.390,0.78716,0.78771,3.00,3.00
2011.12.06 21:22:39.512,0.78716,0.78771,3.00,3.00
2011.12.06 21:22:40.990,0.78716,0.78771,3.00,3.00
2011.12.06 21:22:45.190,0.78716,0.78771,3.00,3.00
2011.12.06 21:22:48.769,0.78713,0.78766,3.00,3.00
2011.12.06 21:22:53.198,0.78713,0.78766,3.00,3.00
2011.12.06 21:23:15.920,0.78713,0.78766,3.00,3.00
2011.12.06 21:23:31.710,0.78713,0.78766,3.00,3.00
2011.12.06 21:23:34.118,0.78713,0.78766,3.00,2.25
2011.12.06 21:23:34.336,0.78717,0.7877,3.00,3.00
2011.12.06 21:23:35.438,0.78717,0.7877,3.00,2.25
2011.12.06 21:23:37.198,0.78717,0.7877,3.00,3.00
2011.12.06 21:23:37.428,0.78717,0.7877,3.00,2.25
2011.12.06 21:23:37.537,0.78722,0.78775,3.00,3.75
2011.12.06 21:23:38.412,0.78722,0.78775,3.00,3.75
2011.12.06 21:23:38.632,0.78722,0.78775,3.00,3.75
2011.12.06 21:23:40.171,0.78716,0.7877,3.00,1.50
2011.12.06 21:23:41.669,0.78716,0.7877,3.00,1.50
2011.12.06 21:23:42.699,0.78716,0.78771,3.00,3.00
2011.12.06 21:23:48.159,0.78716,0.78771,3.00,3.00
2011.12.06 21:23:53.314,0.78716,0.78771,3.00,3.00
2011.12.06 21:24:08.919,0.78708,0.78767,3.00,1.50
2011.12.06 21:24:18.257,0.78708,0.78767,3.00,1.50
2011.12.06 21:24:18.378,0.78708,0.78767,3.00,1.50
2011.12.06 21:24:19.787,0.78711,0.78771,3.00,1.50
2011.12.06 21:24:22.668,0.78711,0.78771,3.00,1.50
2011.12.06 21:24:23.897,0.78717,0.7877,3.00,3.00
2011.12.06 21:24:24.613,0.78719,0.78773,3.00,1.50
2011.12.06 21:24:32.353,0.78719,0.78773,3.00,1.50
2011.12.06 21:24:38.432,0.78716,0.78768,3.00,1.50
2011.12.06 21:24:38.559,0.78708,0.78763,3.00,1.50
2011.12.06 21:24:38.668,0.78708,0.78766,3.00,1.50
2011.12.06 21:24:41.648,0.78716,0.78771,3.00,3.00
2011.12.06 21:24:42.488,0.78708,0.78769,3.00,3.00
2011.12.06 21:24:42.790,0.78708,0.78769,3.00,3.00
2011.12.06 21:24:43.941,0.78708,0.78768,3.00,1.50
2011.12.06 21:24:52.566,0.78704,0.78755,1.50,2.25
2011.12.06 21:24:52.679,0.78701,0.78755,3.00,3.00
2011.12.06 21:24:55.134,0.78695,0.78751,3.75,2.25
2011.12.06 21:24:56.180,0.78695,0.78751,3.00,3.00
2011.12.06 21:24:56.893,0.78695,0.78749,3.00,1.35
2011.12.06 21:24:57.009,0.78695,0.78748,3.00,1.35
2011.12.06 21:25:03.007,0.78699,0.78744,1.13,1.50
2011.12.06 21:25:03.398,0.78699,0.78749,1.13,1.88
2011.12.06 21:25:06.558,0.78699,0.78749,1.13,1.13
2011.12.06 21:25:09.730,0.78699,0.78749,1.13,1.13
2011.12.06 21:25:10.197,0.78699,0.78749,1.13,1.13
2011.12.06 21:25:17.254,0.78699,0.78749,1.13,1.13
2011.12.06 21:25:22.189,0.78697,0.78744,3.00,1.13
2011.12.06 21:25:23.404,0.78692,0.7874,1.13,1.13
2011.12.06 21:25:27.998,0.78699,0.78744,1.13,3.00
2011.12.06 21:25:40.679,0.78699,0.78749,1.13,1.13
2011.12.06 21:25:41.059,0.78708,0.78751,2.10,2.25
2011.12.06 21:25:41.168,0.78715,0.78784,1.35,1.50
2011.12.06 21:25:41.309,0.78715,0.78784,1.35,1.50
2011.12.06 21:25:41.527,0.78712,0.78776,1.35,1.50
2011.12.06 21:25:42.458,0.78706,0.78776,1.50,1.50
2011.12.06 21:25:42.728,0.78706,0.78779,1.50,1.50
2011.12.06 21:25:43.306,0.78697,0.78779,1.50,1.50
2011.12.06 21:25:43.739,0.78683,0.78752,1.50,1.50
2011.12.06 21:25:46.249,0.7869,0.78751,1.13,1.50
2011.12.06 21:25:46.468,0.78687,0.78788,1.50,1.50
2011.12.06 21:25:46.590,0.78698,0.78788,1.50,1.50
2011.12.06 21:25:46.697,0.78698,0.78784,1.50,1.50
2011.12.06 21:25:46.809,0.78706,0.78784,1.50,1.50
2011.12.06 21:25:48.025,0.78706,0.78778,1.50,1.50
2011.12.06 21:25:48.793,0.787,0.78784,1.50,1.50
2011.12.06 21:25:52.007,0.78706,0.78784,1.50,1.50
2011.12.06 21:25:53.403,0.7872,0.78784,2.25,1.50
2011.12.06 21:25:53.908,0.7872,0.78779,3.00,1.50
2011.12.06 21:25:55.070,0.7872,0.78779,3.00,1.50
2011.12.06 21:25:59.141,0.7872,0.78778,2.25,1.50
2011.12.06 21:25:59.357,0.78696,0.78756,1.13,1.50
2011.12.06 21:26:02.801,0.78696,0.78759,1.13,1.50
2011.12.06 21:26:08.638,0.78696,0.78756,1.13,1.50
2011.12.06 21:26:11.713,0.78701,0.78753,1.13,1.13
2011.12.06 21:26:11.838,0.78706,0.78756,1.13,1.13
2011.12.06 21:26:13.490,0.78711,0.78757,1.13,1.50
2011.12.06 21:26:13.967,0.78702,0.78754,1.13,1.13
2011.12.06 21:26:15.448,0.78707,0.78756,1.13,1.50
2011.12.06 21:26:15.557,0.78707,0.78757,1.13,1.13
2011.12.06 21:26:15.701,0.78707,0.78756,1.13,1.50
2011.12.06 21:26:16.762,0.78707,0.78758,1.13,1.13
2011.12.06 21:26:20.850,0.78701,0.78758,1.13,1.50
2011.12.06 21:26:20.957,0.78701,0.78754,1.13,1.13
2011.12.06 21:26:21.858,0.78701,0.78753,1.13,1.13
2011.12.06 21:26:23.731,0.7871,0.7876,1.13,1.88
2011.12.06 21:26:25.149,0.7871,0.7876,1.13,1.88
2011.12.06 21:26:30.293,0.7871,0.7876,1.13,1.88
2011.12.06 21:26:34.201,0.78712,0.7876,3.00,1.13
2011.12.06 21:26:37.327,0.7871,0.78759,1.13,1.50
2011.12.06 21:27:07.648,0.78702,0.78753,1.13,3.38
2011.12.06 21:27:10.912,0.78702,0.78753,1.13,2.63
2011.12.06 21:27:12.062,0.78702,0.78753,1.13,3.38
2011.12.06 21:27:12.450,0.78702,0.78753,1.13,2.63
2011.12.06 21:27:15.748,0.78701,0.78753,1.13,2.25
2011.12.06 21:27:15.858,0.78707,0.78762,3.00,2.25
2011.12.06 21:27:15.968,0.78703,0.78758,3.00,3.00
2011.12.06 21:27:33.441,0.78714,0.78763,1.13,1.13
2011.12.06 21:27:36.894,0.78712,0.78763,3.38,1.13
2011.12.06 21:27:41.571,0.78712,0.78763,2.63,1.13
2011.12.06 21:27:41.746,0.78712,0.78763,2.63,1.13
2011.12.06 21:27:47.851,0.78712,0.78758,2.25,1.13
2011.12.06 21:27:48.377,0.78694,0.78749,1.13,1.50
2011.12.06 21:27:48.660,0.78694,0.78752,1.13,1.13
2011.12.06 21:27:49.661,0.78694,0.78749,1.13,1.50
2011.12.06 21:27:51.849,0.78694,0.78752,1.13,1.13
2011.12.06 21:27:52.498,0.78694,0.78752,1.13,1.88
2011.12.06 21:27:57.140,0.78694,0.78752,1.13,1.88
2011.12.06 21:27:57.467,0.78696,0.78754,3.00,1.50
2011.12.06 21:28:00.758,0.78696,0.7875,3.00,1.50
2011.12.06 21:28:02.396,0.78693,0.7875,3.38,1.50
2011.12.06 21:28:03.521,0.78693,0.7875,3.38,1.50
2011.12.06 21:28:11.214,0.78693,0.7875,3.38,1.50
2011.12.06 21:28:12.942,0.78693,0.7875,3.38,1.50
2011.12.06 21:28:15.845,0.78693,0.7875,3.38,1.50
2011.12.06 21:28:39.184,0.78701,0.78746,3.00,3.00
2011.12.06 21:28:43.633,0.78701,0.78746,3.00,3.00
2011.12.06 21:28:43.964,0.78701,0.78746,3.00,3.00
2011.12.06 21:28:48.694,0.78701,0.78746,3.00,3.00
2011.12.06 21:28:53.052,0.78701,0.78746,3.00,3.00
2011.12.06 21:28:54.097,0.78701,0.78746,3.00,3.00
2011.12.06 21:28:54.478,0.78701,0.78746,3.00,3.00
2011.12.06 21:28:55.319,0.78701,0.78743,3.00,1.50
2011.12.06 21:28:56.564,0.78701,0.78743,3.00,1.50
2011.12.06 21:28:57.510,0.78701,0.78746,3.00,3.00
2011.12.06 21:29:06.797,0.78701,0.78746,3.00,3.00
2011.12.06 21:29:07.525,0.78701,0.78746,3.00,3.00
2011.12.06 21:29:08.163,0.78701,0.78746,3.00,2.25
2011.12.06 21:29:09.214,0.78701,0.78746,3.00,3.00
2011.12.06 21:29:10.352,0.78701,0.78746,3.00,3.00
2011.12.06 21:29:11.745,0.78701,0.78746,3.00,3.00
2011.12.06 21:29:18.271,0.78701,0.78746,3.00,3.00
2011.12.06 21:29:20.471,0.78701,0.78746,3.00,3.00
2011.12.06 21:29:23.834,0.78701,0.78746,3.00,3.00
2011.12.06 21:29:24.053,0.78701,0.78736,3.00,2.25
2011.12.06 21:29:26.643,0.78701,0.78736,3.00,2.25
2011.12.06 21:29:26.751,0.78701,0.78736,3.00,2.25
2011.12.06 21:29:41.672,0.78701,0.78736,2.25,3.00
2011.12.06 21:29:44.293,0.78701,0.78736,3.00,2.25
2011.12.06 21:29:47.222,0.78701,0.78736,2.25,3.00
2011.12.06 21:29:57.733,0.78712,0.78748,2.25,3.75
2011.12.06 21:30:03.874,0.78712,0.78748,2.25,3.00
2011.12.06 21:30:04.093,0.78709,0.78743,2.25,3.00
2011.12.06 21:30:04.484,0.78704,0.78741,2.25,3.00
2011.12.06 21:30:09.154,0.78709,0.78743,2.25,3.00
2011.12.06 21:30:09.704,0.78709,0.78743,2.25,3.00
2011.12.06 21:30:09.924,0.78709,0.78743,2.25,3.00
2011.12.06 21:30:10.405,0.78709,0.78743,2.25,3.00
2011.12.06 21:30:11.681,0.78709,0.78743,2.25,3.00
2011.12.06 21:30:33.165,0.78709,0.78743,2.25,3.00
2011.12.06 21:30:33.508,0.78709,0.78743,2.25,3.00
2011.12.06 21:30:49.065,0.78709,0.78743,2.25,3.00
2011.12.06 21:31:02.333,0.78704,0.7874,3.00,2.25
2011.12.06 21:31:04.682,0.78704,0.7874,2.25,3.00
2011.12.06 21:31:05.352,0.78701,0.78736,3.00,2.25
2011.12.06 21:31:09.141,0.78701,0.78746,3.00,3.00
2011.12.06 21:31:13.184,0.78702,0.78746,1.13,3.00
2011.12.06 21:31:13.293,0.78705,0.78746,1.13,2.25
2011.12.06 21:31:13.403,0.78714,0.78756,2.25,2.25
2011.12.06 21:31:13.514,0.78715,0.78765,2.25,3.00
2011.12.06 21:31:13.775,0.78715,0.78765,2.25,2.25
2011.12.06 21:31:13.992,0.7871,0.7881,1.35,1.50
2011.12.06 21:31:16.853,0.78703,0.78801,1.13,1.50
2011.12.06 21:31:21.864,0.78701,0.78802,1.13,1.50
2011.12.06 21:31:21.972,0.78696,0.78806,1.50,1.50
2011.12.06 21:31:22.185,0.78701,0.78806,1.13,1.50
2011.12.06 21:31:22.292,0.78702,0.7881,1.13,1.50
2011.12.06 21:31:34.511,0.78702,0.78808,1.13,1.50
2011.12.06 21:31:35.185,0.78705,0.78808,1.13,1.50
2011.12.06 21:31:44.471,0.78701,0.78803,1.13,1.50
2011.12.06 21:31:44.712,0.78692,0.78803,1.13,1.50
2011.12.06 21:31:45.571,0.78692,0.78799,1.13,1.50
2011.12.06 21:31:48.201,0.78693,0.7876,1.13,1.50
2011.12.06 21:31:57.972,0.78694,0.78754,1.13,1.13
2011.12.06 21:32:02.442,0.78698,0.78756,1.13,1.13
2011.12.06 21:32:16.113,0.78702,0.7876,1.13,1.13
2011.12.06 21:32:29.223,0.78692,0.78761,1.13,1.50
2011.12.06 21:32:29.445,0.78688,0.78749,1.50,1.13
2011.12.06 21:32:48.272,0.78682,0.78744,1.13,1.13
2011.12.06 21:32:48.424,0.78682,0.78742,1.13,1.13
2011.12.06 21:32:52.404,0.78673,0.78739,1.50,1.13
2011.12.06 21:32:52.944,0.78668,0.78739,1.13,1.13
2011.12.06 21:32:53.924,0.78668,0.7874,1.13,1.13
2011.12.06 21:32:54.162,0.78668,0.78738,1.13,1.50
2011.12.06 21:32:56.675,0.78668,0.78737,1.13,1.50
2011.12.06 21:33:05.143,0.78682,0.78742,1.13,1.13
2011.12.06 21:33:08.663,0.78682,0.78744,1.13,1.13
2011.12.06 21:33:16.462,0.78687,0.78745,1.13,1.13
2011.12.06 21:33:16.712,0.78682,0.78743,1.13,1.13
2011.12.06 21:33:20.436,0.78679,0.78743,1.13,1.50
2011.12.06 21:33:37.522,0.78683,0.78743,1.13,1.13
2011.12.06 21:33:39.793,0.78678,0.78742,1.13,1.13
2011.12.06 21:33:47.872,0.78678,0.78744,1.13,1.50
2011.12.06 21:33:54.326,0.78678,0.78742,1.13,1.13
2011.12.06 21:34:22.422,0.78678,0.78738,1.13,1.13
2011.12.06 21:34:25.262,0.78676,0.78744,1.13,1.50
2011.12.06 21:34:26.072,0.78676,0.78747,1.13,1.13
2011.12.06 21:34:26.183,0.78676,0.78744,1.13,1.50
2011.12.06 21:34:26.383,0.78676,0.78747,1.13,1.13
2011.12.06 21:34:27.185,0.78678,0.78745,1.13,1.50
2011.12.06 21:34:28.002,0.78676,0.78749,1.88,1.88
2011.12.06 21:34:28.155,0.78677,0.78749,1.13,1.50
2011.12.06 21:34:30.640,0.78685,0.78754,1.13,1.13
2011.12.06 21:34:43.292,0.78682,0.78755,1.50,1.13
2011.12.06 21:34:43.402,0.78682,0.78755,1.50,1.13
2011.12.06 21:34:53.624,0.78682,0.78757,1.50,1.50
2011.12.06 21:35:26.123,0.78683,0.78754,1.50,1.13
2011.12.06 21:35:29.424,0.78683,0.78754,1.50,1.13
2011.12.06 21:35:31.954,0.78683,0.78754,1.50,1.13
2011.12.06 21:35:33.718,0.78683,0.78754,1.50,1.13
2011.12.06 21:35:47.424,0.78683,0.78754,1.50,1.13
2011.12.06 21:36:48.150,0.78677,0.78757,1.13,1.13
2011.12.06 21:37:19.917,0.78682,0.78757,1.50,1.13
2011.12.06 21:37:20.024,0.78683,0.78779,1.50,1.50
2011.12.06 21:37:20.133,0.78697,0.78793,1.50,1.50
2011.12.06 21:37:50.705,0.78684,0.78796,1.50,1.50
2011.12.06 21:38:02.924,0.78679,0.78791,1.50,1.50
2011.12.06 21:38:03.915,0.78698,0.78783,3.00,2.25
2011.12.06 21:38:04.396,0.78698,0.78783,3.00,3.00
2011.12.06 21:38:06.382,0.78698,0.78783,3.00,2.25
2011.12.06 21:38:08.426,0.78698,0.78783,3.00,3.00
2011.12.06 21:38:18.004,0.78702,0.78787,3.00,3.00
2011.12.06 21:38:40.665,0.78702,0.78787,3.00,2.25
2011.12.06 21:38:44.172,0.78706,0.78791,3.00,3.00
2011.12.06 21:38:51.949,0.78706,0.78791,3.00,3.00
2011.12.06 21:38:52.433,0.78706,0.78791,3.00,3.00
2011.12.06 21:38:53.664,0.78702,0.78787,3.00,2.25
2011.12.06 21:38:54.234,0.78702,0.78787,3.00,3.00
2011.12.06 21:38:55.464,0.78699,0.78782,3.00,2.25
2011.12.06 21:38:57.603,0.78702,0.78787,3.00,3.00
2011.12.06 21:38:59.364,0.78702,0.78787,3.00,2.25
2011.12.06 21:38:59.693,0.78698,0.78783,3.00,2.25
2011.12.06 21:38:59.803,0.78701,0.78788,3.00,3.00
2011.12.06 21:39:04.935,0.78701,0.78788,3.00,2.25
2011.12.06 21:39:05.044,0.78701,0.78788,3.00,3.00
2011.12.06 21:39:05.969,0.78701,0.78788,3.00,2.25
2011.12.06 21:39:12.897,0.78701,0.78788,3.00,3.00
2011.12.06 21:39:14.053,0.78701,0.78788,3.00,3.00
2011.12.06 21:39:19.865,0.78701,0.78788,3.00,3.00
2011.12.06 21:39:20.347,0.78701,0.78788,3.00,3.00
2011.12.06 21:39:26.947,0.78701,0.78788,3.00,3.00
2011.12.06 21:39:31.395,0.78701,0.78788,3.00,2.25
2011.12.06 21:39:31.611,0.78701,0.78788,3.00,2.25
2011.12.06 21:39:32.973,0.78685,0.78793,1.13,1.50
2011.12.06 21:39:33.712,0.78687,0.78799,1.50,1.50
2011.12.06 21:39:52.935,0.78689,0.78802,1.50,1.50
2011.12.06 21:40:00.424,0.78689,0.78802,1.50,1.50
2011.12.06 21:40:05.048,0.78689,0.78802,1.50,1.50
2011.12.06 21:40:13.951,0.78689,0.78802,1.50,1.50
2011.12.06 21:40:14.213,0.78689,0.78802,1.50,1.50
2011.12.06 21:40:52.413,0.78685,0.78796,1.13,1.50
2011.12.06 21:41:06.683,0.78685,0.78794,1.13,1.50
2011.12.06 21:41:46.894,0.78685,0.78789,1.13,1.50
2011.12.06 21:41:59.811,0.78685,0.78789,1.13,1.50
2011.12.06 21:42:14.974,0.78685,0.78791,1.13,1.50
2011.12.06 21:42:20.736,0.78685,0.78791,1.13,1.50
2011.12.06 21:42:24.423,0.78685,0.78791,1.13,1.50
2011.12.06 21:42:27.885,0.78685,0.78793,1.13,1.50
2011.12.06 21:42:27.992,0.78685,0.78791,1.13,1.50
2011.12.06 21:42:34.925,0.78685,0.78791,1.13,1.50
2011.12.06 21:42:52.574,0.78685,0.78793,1.13,1.50
2011.12.06 21:42:52.913,0.78687,0.78793,1.13,1.50
2011.12.06 21:42:53.022,0.78687,0.78789,1.13,1.50
2011.12.06 21:42:53.795,0.78687,0.78789,1.13,1.50
2011.12.06 21:42:58.964,0.78687,0.78789,1.13,1.50
2011.12.06 21:43:00.763,0.78669,0.78783,1.13,1.50
2011.12.06 21:43:05.404,0.78669,0.78784,1.13,1.50
2011.12.06 21:43:05.659,0.78669,0.7878,1.13,1.50
2011.12.06 21:43:06.291,0.78669,0.78784,1.13,1.50
2011.12.06 21:43:06.402,0.78669,0.7878,1.13,1.50
2011.12.06 21:43:07.262,0.78669,0.78783,1.13,1.50
2011.12.06 21:43:07.427,0.78669,0.7878,1.13,1.50
2011.12.06 21:43:07.732,0.78678,0.78783,1.13,1.50
2011.12.06 21:43:10.243,0.78675,0.78783,1.13,1.50
2011.12.06 21:43:10.544,0.78675,0.78778,1.13,1.50
2011.12.06 21:43:15.327,0.78675,0.78784,1.13,1.50
2011.12.06 21:43:27.403,0.78675,0.78779,1.13,1.50
2011.12.06 21:43:28.002,0.78671,0.78784,1.13,1.50
2011.12.06 21:43:28.175,0.78671,0.78778,1.13,1.50
2011.12.06 21:44:10.143,0.78671,0.78774,1.13,1.50
2011.12.06 21:44:10.314,0.78671,0.78778,1.13,1.50
2011.12.06 21:44:27.367,0.78671,0.78774,1.13,1.50
2011.12.06 21:44:27.473,0.78667,0.78774,1.13,1.50
2011.12.06 21:44:47.972,0.78654,0.78774,1.13,1.50
2011.12.06 21:44:49.699,0.78654,0.78768,1.13,1.50
2011.12.06 21:44:51.594,0.78654,0.78774,1.13,1.50
2011.12.06 21:44:51.865,0.78654,0.78769,1.13,1.50
2011.12.06 21:44:53.655,0.78654,0.78769,1.13,1.50
2011.12.06 21:44:53.763,0.78654,0.78763,1.13,1.50
2011.12.06 21:44:53.956,0.78654,0.7876,1.13,1.50
2011.12.06 21:45:00.475,0.78654,0.78758,1.13,1.50
2011.12.06 21:45:02.292,0.78655,0.7876,1.13,1.50
2011.12.06 21:45:03.628,0.78655,0.78763,1.13,1.50
2011.12.06 21:45:03.743,0.78659,0.78763,1.13,1.50
2011.12.06 21:45:05.652,0.78659,0.78769,1.13,1.50
2011.12.06 21:45:12.936,0.78659,0.78774,1.13,1.50
2011.12.06 21:45:17.243,0.78667,0.78774,1.13,1.50
2011.12.06 21:45:19.726,0.78663,0.78774,1.13,1.50
2011.12.06 21:45:22.014,0.78654,0.78774,1.13,1.50
2011.12.06 21:45:24.763,0.78655,0.78774,1.13,1.88
2011.12.06 21:45:27.428,0.78655,0.78774,1.13,1.88
2011.12.06 21:45:33.026,0.78655,0.78774,1.13,1.88
2011.12.06 21:45:34.256,0.78655,0.78768,1.13,1.50
2011.12.06 21:45:37.564,0.78659,0.78768,1.13,1.50
2011.12.06 21:46:00.914,0.78662,0.78768,1.13,1.50
2011.12.06 21:46:01.024,0.78662,0.78774,1.13,1.50
2011.12.06 21:46:12.004,0.7868,0.78768,1.13,1.50
2011.12.06 21:46:12.375,0.78682,0.78774,1.13,1.50
2011.12.06 21:46:12.708,0.78682,0.78769,1.13,1.50
2011.12.06 21:46:14.715,0.78689,0.78774,1.13,1.50
2011.12.06 21:46:14.824,0.78689,0.78778,1.13,1.50
2011.12.06 21:46:21.945,0.78696,0.78784,1.13,1.50
2011.12.06 21:46:30.453,0.78701,0.78784,1.13,1.50
2011.12.06 21:46:30.735,0.78708,0.78789,1.13,1.50
2011.12.06 21:46:38.019,0.78708,0.78798,1.13,1.50
2011.12.06 21:46:46.099,0.78708,0.78798,1.13,1.50
2011.12.06 21:46:50.755,0.78708,0.78801,1.88,1.50
2011.12.06 21:46:52.015,0.78697,0.78786,1.13,1.50
2011.12.06 21:46:53.996,0.78693,0.78786,1.50,1.50
2011.12.06 21:46:54.337,0.78679,0.78773,1.50,1.50
2011.12.06 21:46:54.665,0.78702,0.78792,1.50,1.50
2011.12.06 21:46:54.998,0.78711,0.78798,1.13,1.50
2011.12.06 21:46:56.445,0.78706,0.78789,1.50,1.50
2011.12.06 21:46:56.554,0.78684,0.7878,1.50,1.50
2011.12.06 21:46:57.615,0.78681,0.78784,1.13,1.50
2011.12.06 21:46:58.518,0.78681,0.78784,1.13,1.50
2011.12.06 21:47:00.214,0.78689,0.78784,1.13,1.50
2011.12.06 21:47:00.852,0.78689,0.7878,1.13,1.50
2011.12.06 21:47:02.724,0.78689,0.78783,1.13,1.50
2011.12.06 21:47:03.016,0.78689,0.7878,1.13,1.50
2011.12.06 21:47:05.105,0.78689,0.78783,1.13,1.50
2011.12.06 21:47:05.226,0.7869,0.78783,1.50,1.50
2011.12.06 21:47:16.391,0.78697,0.78788,1.13,1.50
2011.12.06 21:47:16.613,0.78697,0.78788,1.13,1.50
2011.12.06 21:47:22.764,0.78697,0.78788,1.13,1.50
2011.12.06 21:47:29.916,0.78697,0.78788,1.13,1.50
2011.12.06 21:47:30.490,0.78697,0.78789,1.13,1.50
2011.12.06 21:47:34.892,0.78697,0.78788,1.13,1.50
2011.12.06 21:47:36.754,0.7871,0.78795,1.13,1.50
2011.12.06 21:47:37.876,0.7871,0.78795,1.13,1.50
2011.12.06 21:47:46.078,0.78717,0.78798,1.50,1.50
2011.12.06 21:47:48.856,0.78711,0.788,1.13,1.50
2011.12.06 21:47:48.965,0.78711,0.788,1.13,1.50
2011.12.06 21:47:50.984,0.78722,0.78806,1.50,1.50
2011.12.06 21:47:52.205,0.78721,0.78806,1.50,1.50
2011.12.06 21:47:54.359,0.78722,0.78806,1.13,1.50
2011.12.06 21:47:54.883,0.78726,0.78812,1.50,1.50
2011.12.06 21:47:55.237,0.78726,0.78814,1.50,1.50
2011.12.06 21:47:56.777,0.78726,0.78812,1.50,1.50
2011.12.06 21:48:00.626,0.78724,0.78812,1.50,1.50
2011.12.06 21:48:00.735,0.78723,0.78812,1.13,1.50
2011.12.06 21:48:00.955,0.78715,0.7881,1.50,1.50
2011.12.06 21:48:02.743,0.78715,0.7881,1.50,1.50
2011.12.06 21:48:03.774,0.78717,0.78806,1.50,1.50
2011.12.06 21:48:09.127,0.7872,0.78806,1.50,1.50
2011.12.06 21:48:09.234,0.78738,0.7882,1.13,1.50
2011.12.06 21:48:09.386,0.78738,0.7882,1.13,1.50
2011.12.06 21:48:09.632,0.78727,0.7882,1.50,1.50
2011.12.06 21:48:09.745,0.78721,0.78801,1.50,1.50
2011.12.06 21:48:11.084,0.78721,0.78801,1.50,1.50
2011.12.06 21:48:13.666,0.78722,0.78813,1.50,1.50
2011.12.06 21:48:13.775,0.78728,0.78813,1.13,1.50
2011.12.06 21:48:13.884,0.78728,0.78818,1.13,1.50
2011.12.06 21:48:14.104,0.78706,0.788,1.13,1.50
2011.12.06 21:48:16.454,0.78709,0.78799,1.13,1.50
2011.12.06 21:48:30.625,0.78707,0.78799,1.13,1.50
2011.12.06 21:48:30.956,0.78707,0.78799,1.13,1.50
2011.12.06 21:48:31.674,0.78716,0.78803,1.13,1.50
2011.12.06 21:48:32.004,0.78706,0.78798,1.13,1.50
2011.12.06 21:48:40.708,0.78706,0.78798,1.13,1.50
2011.12.06 21:48:47.196,0.78706,0.788,1.13,1.50
2011.12.06 21:48:49.509,0.78707,0.78802,1.50,1.50
2011.12.06 21:48:53.984,0.78709,0.78803,1.50,1.50
2011.12.06 21:49:13.092,0.78708,0.78799,1.13,1.50
2011.12.06 21:49:14.416,0.78708,0.78799,1.13,1.50
2011.12.06 21:49:16.129,0.78708,0.78799,1.13,1.50
2011.12.06 21:49:23.875,0.78708,0.78799,1.13,1.50
2011.12.06 21:49:24.931,0.78708,0.78799,1.13,1.50
2011.12.06 21:49:27.287,0.78708,0.78799,1.13,1.50
2011.12.06 21:49:28.287,0.78708,0.78799,1.13,1.50
2011.12.06 21:49:28.936,0.78708,0.78799,1.13,1.50
2011.12.06 21:49:31.536,0.78708,0.78799,1.13,1.50
2011.12.06 21:49:33.945,0.78708,0.78799,1.13,1.50
2011.12.06 21:49:36.156,0.78708,0.78799,1.13,1.50
2011.12.06 21:49:39.682,0.78707,0.78801,1.88,1.50
2011.12.06 21:49:40.385,0.78693,0.78793,1.50,1.50
2011.12.06 21:49:51.184,0.78707,0.78794,1.50,1.50
2011.12.06 21:49:51.295,0.78721,0.78799,1.13,1.50
2011.12.06 21:49:51.517,0.78721,0.78801,1.13,1.50
2011.12.06 21:49:52.417,0.78709,0.78801,1.50,1.50
2011.12.06 21:49:52.524,0.78709,0.78801,1.50,1.50
2011.12.06 21:49:52.635,0.78693,0.78794,1.50,1.50
2011.12.06 21:49:55.566,0.78694,0.78794,1.50,1.50
2011.12.06 21:50:00.577,0.78694,0.78803,1.50,1.50
2011.12.06 21:50:00.749,0.78694,0.78798,1.50,1.50
2011.12.06 21:50:01.084,0.78694,0.78804,1.50,1.50
2011.12.06 21:50:02.687,0.78694,0.78798,1.50,1.50
2011.12.06 21:50:05.658,0.78694,0.78793,1.50,1.50
2011.12.06 21:50:09.946,0.78694,0.78799,1.50,1.50
2011.12.06 21:50:10.297,0.78692,0.78799,1.50,1.50
2011.12.06 21:50:12.065,0.78693,0.78799,1.50,1.50
2011.12.06 21:50:14.457,0.78693,0.78788,1.50,1.50
2011.12.06 21:50:25.366,0.78692,0.7879,1.50,1.50
2011.12.06 21:50:27.134,0.78693,0.78788,1.50,1.50
2011.12.06 21:50:30.994,0.78693,0.78787,1.50,1.50
2011.12.06 21:50:45.905,0.78736,0.78786,0.75,1.50
2011.12.06 21:50:56.346,0.78719,0.78792,1.13,1.50
2011.12.06 21:51:00.499,0.78719,0.78792,1.13,1.50
2011.12.06 21:51:21.381,0.78719,0.78793,1.13,1.50
2011.12.06 21:51:38.698,0.78719,0.78794,1.13,1.50
2011.12.06 21:51:38.922,0.78719,0.78794,1.13,1.50
2011.12.06 21:51:40.267,0.78719,0.78794,1.13,1.50
2011.12.06 21:51:49.136,0.78719,0.78783,1.13,1.50
2011.12.06 21:51:49.246,0.78701,0.78771,1.13,1.13
2011.12.06 21:51:49.465,0.78706,0.78768,1.13,1.50
2011.12.06 21:51:52.717,0.78707,0.78768,1.13,1.50
2011.12.06 21:51:53.395,0.78707,0.78768,1.13,1.50
2011.12.06 21:52:37.406,0.78706,0.78768,1.13,1.50
2011.12.06 21:52:38.074,0.78705,0.78763,1.13,1.13
2011.12.06 21:52:38.617,0.78705,0.78763,1.13,1.13
2011.12.06 21:52:53.914,0.78707,0.78781,1.13,1.13
2011.12.06 21:52:55.630,0.78702,0.78778,1.13,1.13
2011.12.06 21:52:55.736,0.78695,0.78779,1.50,1.50
2011.12.06 21:52:55.845,0.78695,0.7879,1.50,1.50
2011.12.06 21:52:58.476,0.78699,0.78795,1.13,1.50
2011.12.06 21:52:59.317,0.78703,0.78792,1.50,1.50
2011.12.06 21:53:59.321,0.78699,0.78828,1.13,1.13
2011.12.06 21:54:12.123,0.78705,0.78794,1.50,1.50
2011.12.06 21:54:14.985,0.7871,0.78794,1.13,1.50
2011.12.06 21:54:15.574,0.78732,0.78794,2.25,1.50
2011.12.06 21:54:15.696,0.78732,0.78794,2.25,1.50
2011.12.06 21:54:15.917,0.78732,0.78798,2.25,3.00
2011.12.06 21:54:25.218,0.78732,0.78797,2.25,1.50
2011.12.06 21:54:26.646,0.78732,0.78797,2.25,1.50
2011.12.06 21:54:26.755,0.7873,0.78797,2.25,1.50
2011.12.06 21:54:32.597,0.78729,0.78796,2.25,1.50
2011.12.06 21:54:35.266,0.78733,0.78795,2.25,1.50
2011.12.06 21:54:40.619,0.78733,0.78797,2.25,1.50
2011.12.06 21:54:40.947,0.78728,0.78797,2.25,1.50
2011.12.06 21:54:41.060,0.78728,0.78797,2.25,1.50
2011.12.06 21:55:22.605,0.78728,0.78795,2.25,1.50
2011.12.06 21:55:38.447,0.78728,0.78795,2.25,1.50
2011.12.06 21:55:40.744,0.78728,0.78772,2.25,1.50
2011.12.06 21:55:40.855,0.78686,0.78761,2.00,2.00
2011.12.06 21:55:40.963,0.78686,0.78761,2.00,2.00
2011.12.06 21:55:42.625,0.78686,0.78761,2.00,2.00
2011.12.06 21:55:43.453,0.78686,0.78761,2.00,2.00
2011.12.06 21:55:43.666,0.78686,0.78761,2.00,2.00
2011.12.06 21:55:53.636,0.78694,0.78778,2.00,2.00
2011.12.06 21:55:53.744,0.78686,0.78778,2.00,2.00
2011.12.06 21:55:53.854,0.78695,0.78782,2.00,2.00
2011.12.06 21:55:55.424,0.78701,0.78799,2.00,2.00
2011.12.06 21:55:55.884,0.78701,0.78799,2.00,2.00
2011.12.06 21:55:55.995,0.78687,0.78795,2.00,2.00
2011.12.06 21:55:56.107,0.78699,0.78795,2.25,1.50
2011.12.06 21:55:58.407,0.7869,0.78796,2.00,2.00
2011.12.06 21:55:58.513,0.78681,0.78767,2.00,2.00
2011.12.06 21:55:58.626,0.78682,0.78773,2.00,2.00
2011.12.06 21:55:58.883,0.78687,0.78789,2.00,2.00
2011.12.06 21:55:58.994,0.78676,0.78789,2.00,2.00
2011.12.06 21:55:59.615,0.78672,0.78743,2.00,0.75
2011.12.06 21:55:59.725,0.78672,0.78765,2.00,2.00
2011.12.06 21:56:01.157,0.78676,0.78765,2.00,2.00
2011.12.06 21:56:03.126,0.78671,0.78765,2.00,2.00
2011.12.06 21:56:03.234,0.78671,0.78761,2.00,2.00
2011.12.06 21:56:03.666,0.78665,0.7876,2.00,2.00
2011.12.06 21:56:04.435,0.78671,0.78757,2.00,2.00
2011.12.06 21:56:06.305,0.78671,0.78756,2.00,2.00
2011.12.06 21:56:07.419,0.78677,0.78756,2.25,1.50
2011.12.06 21:56:07.846,0.78677,0.78752,3.00,1.50
2011.12.06 21:56:12.156,0.78681,0.78762,3.00,1.50
2011.12.06 21:56:15.105,0.78681,0.78756,3.00,1.50
2011.12.06 21:56:15.896,0.78672,0.78749,3.00,1.50
2011.12.06 21:56:16.184,0.78676,0.78751,3.00,1.50
2011.12.06 21:56:16.295,0.78676,0.78764,3.00,3.00
2011.12.06 21:56:16.403,0.78669,0.78783,2.00,2.00
2011.12.06 21:56:16.666,0.78669,0.78784,2.00,2.00
2011.12.06 21:56:17.542,0.78673,0.78787,2.00,2.00
2011.12.06 21:56:20.275,0.78687,0.7879,2.00,2.00
2011.12.06 21:56:31.273,0.78685,0.78791,2.00,2.00
2011.12.06 21:56:31.827,0.78693,0.7879,2.00,2.00
2011.12.06 21:56:40.865,0.78695,0.78792,2.00,2.00
2011.12.06 21:56:42.956,0.78691,0.78774,2.00,2.00
2011.12.06 21:56:43.086,0.78696,0.7879,2.00,2.00
2011.12.06 21:57:27.966,0.78691,0.78789,2.00,2.00
2011.12.06 21:57:28.959,0.78691,0.78789,2.00,2.00
2011.12.06 21:57:32.182,0.78691,0.78789,2.00,2.00
2011.12.06 21:57:32.357,0.78691,0.78789,2.00,2.00
2011.12.06 21:57:39.131,0.78691,0.78789,2.00,2.00
2011.12.06 21:57:47.966,0.7869,0.78787,2.00,2.00
2011.12.06 21:57:48.406,0.7869,0.78787,2.00,2.00
2011.12.06 21:57:51.804,0.78695,0.78769,2.00,2.00
2011.12.06 21:57:52.824,0.78711,0.78769,2.25,1.50
2011.12.06 21:57:55.666,0.78711,0.78769,3.00,1.50
2011.12.06 21:58:08.426,0.78711,0.78776,3.00,1.50
2011.12.06 21:58:12.070,0.78711,0.78777,3.00,1.50
2011.12.06 21:59:00.381,0.78717,0.78763,0.75,0.75
2011.12.06 21:59:01.408,0.78717,0.78768,0.75,0.75
2011.12.06 21:59:01.635,0.78721,0.78774,0.75,0.75
2011.12.06 21:59:02.014,0.78722,0.78768,2.25,0.75
2011.12.06 21:59:03.524,0.78722,0.78773,3.00,0.75
2011.12.06 21:59:06.917,0.78726,0.78774,0.75,0.75
2011.12.06 21:59:07.970,0.78731,0.78774,2.25,0.75
2011.12.06 21:59:08.578,0.78734,0.78774,2.25,0.75
2011.12.06 21:59:09.126,0.78731,0.78774,2.25,0.75
2011.12.06 21:59:10.157,0.78731,0.78783,2.25,0.75
2011.12.06 21:59:10.375,0.7874,0.78783,2.25,0.75
2011.12.06 21:59:13.084,0.7874,0.78789,2.25,0.75
2011.12.06 21:59:23.574,0.7874,0.78783,2.25,0.75
2011.12.06 21:59:25.226,0.7874,0.78789,2.25,0.75
2011.12.06 21:59:25.846,0.78741,0.78789,2.25,0.75
2011.12.06 21:59:29.627,0.78741,0.78783,2.25,0.75
2011.12.06 21:59:30.616,0.78741,0.78788,2.25,0.75
2011.12.06 21:59:31.116,0.78726,0.78788,2.25,0.75
2011.12.06 21:59:45.687,0.78736,0.78784,0.75,0.75
2011.12.06 21:59:46.216,0.78751,0.78789,2.25,0.75
2011.12.06 21:59:54.529,0.78754,0.78784,2.25,0.75
2011.12.06 21:59:54.698,0.78754,0.78789,2.25,0.75
