2011.05.23 03:00:00.955,0.77142,0.77194,2.10,2.25
2011.05.23 03:00:01.395,0.77147,0.77193,2.25,2.25
2011.05.23 03:00:02.593,0.77147,0.77193,2.25,2.25
2011.05.23 03:00:24.360,0.77157,0.77193,1.50,2.25
2011.05.23 03:00:35.726,0.77156,0.77194,1.50,1.35
2011.05.23 03:00:37.573,0.77156,0.77194,1.50,1.35
2011.05.23 03:00:54.587,0.77156,0.77194,1.50,2.25
2011.05.23 03:00:54.702,0.77147,0.77193,2.85,2.25
2011.05.23 03:00:54.922,0.77156,0.77194,1.50,2.25
2011.05.23 03:00:57.502,0.77156,0.77194,1.50,2.25
2011.05.23 03:01:00.973,0.77157,0.77193,1.50,2.25
2011.05.23 03:01:11.587,0.77156,0.77198,1.50,1.35
2011.05.23 03:01:29.950,0.77157,0.77193,1.50,2.25
2011.05.23 03:01:45.997,0.77157,0.77193,2.10,1.50
2011.05.23 03:01:46.106,0.77156,0.77201,2.10,1.35
2011.05.23 03:01:46.217,0.77156,0.77203,2.10,1.35
2011.05.23 03:01:46.328,0.77167,0.77203,1.50,1.35
2011.05.23 03:01:46.436,0.77167,0.77209,1.50,1.35
2011.05.23 03:01:46.788,0.77176,0.77209,1.50,1.35
2011.05.23 03:01:51.607,0.77176,0.77209,1.50,1.35
2011.05.23 03:02:00.879,0.77167,0.77209,2.25,1.35
2011.05.23 03:02:01.105,0.77166,0.77204,2.25,1.50
2011.05.23 03:02:01.887,0.77166,0.77204,1.50,2.25
2011.05.23 03:02:01.996,0.7716,0.77203,1.35,1.50
2011.05.23 03:02:02.335,0.7716,0.77194,1.35,1.50
2011.05.23 03:02:05.101,0.77156,0.77194,3.00,1.50
2011.05.23 03:02:06.146,0.77156,0.772,3.00,1.35
2011.05.23 03:02:06.585,0.77156,0.77194,1.50,1.50
2011.05.23 03:02:07.607,0.77156,0.77194,1.50,2.25
2011.05.23 03:02:32.878,0.77157,0.77193,1.50,2.85
2011.05.23 03:02:37.176,0.77156,0.77197,1.50,2.10
2011.05.23 03:02:37.842,0.77163,0.77204,1.35,1.50
2011.05.23 03:02:37.949,0.77158,0.77201,1.35,2.10
2011.05.23 03:02:38.276,0.77158,0.77193,1.35,1.50
2011.05.23 03:02:39.607,0.77157,0.77193,3.00,1.50
2011.05.23 03:02:44.625,0.77151,0.77193,1.50,1.50
2011.05.23 03:02:44.744,0.77149,0.77194,1.35,1.50
2011.05.23 03:02:44.967,0.77157,0.77193,1.50,1.50
2011.05.23 03:02:47.617,0.77157,0.77193,1.50,2.10
2011.05.23 03:02:49.860,0.77158,0.77193,2.25,2.10
2011.05.23 03:02:50.235,0.77163,0.77204,1.35,2.10
2011.05.23 03:02:50.345,0.77161,0.77204,1.35,2.10
2011.05.23 03:02:50.456,0.77166,0.77204,1.50,2.10
2011.05.23 03:02:52.627,0.77166,0.77202,1.50,1.35
2011.05.23 03:03:01.246,0.77161,0.77204,1.35,2.25
2011.05.23 03:03:01.466,0.77167,0.77203,1.50,2.25
2011.05.23 03:03:07.080,0.77167,0.77203,1.50,2.85
2011.05.23 03:03:08.621,0.77167,0.77203,1.50,2.25
2011.05.23 03:03:18.144,0.77174,0.77221,1.35,1.35
2011.05.23 03:03:18.256,0.77179,0.77223,1.35,2.85
2011.05.23 03:03:18.476,0.77177,0.77228,2.25,1.50
2011.05.23 03:03:18.586,0.77186,0.77228,1.50,1.50
2011.05.23 03:03:19.589,0.77186,0.77224,1.50,1.50
2011.05.23 03:03:20.980,0.77186,0.77224,1.50,2.25
2011.05.23 03:03:36.869,0.77187,0.77223,1.50,2.25
2011.05.23 03:03:46.627,0.77177,0.77223,1.50,2.25
2011.05.23 03:03:48.518,0.77177,0.77223,1.50,2.25
2011.05.23 03:04:04.917,0.77176,0.77224,2.25,3.00
2011.05.23 03:04:06.467,0.77176,0.77222,2.25,1.13
2011.05.23 03:04:06.835,0.77173,0.77213,1.35,1.50
2011.05.23 03:04:08.468,0.77167,0.77213,2.25,1.50
2011.05.23 03:04:08.647,0.77167,0.77213,3.00,2.25
2011.05.23 03:04:12.216,0.77167,0.77213,3.00,2.25
2011.05.23 03:04:12.446,0.77172,0.77213,1.50,1.50
2011.05.23 03:04:12.556,0.77176,0.77218,1.50,1.50
2011.05.23 03:04:13.197,0.77176,0.77219,1.50,1.35
2011.05.23 03:04:13.963,0.77167,0.77214,1.50,1.50
2011.05.23 03:04:14.530,0.77166,0.77214,3.00,2.25
2011.05.23 03:04:17.166,0.77166,0.77214,3.00,2.25
2011.05.23 03:04:29.819,0.77166,0.77214,3.00,2.25
2011.05.23 03:04:31.357,0.77166,0.77214,3.00,2.25
2011.05.23 03:04:41.038,0.77166,0.77214,3.00,2.25
2011.05.23 03:04:41.917,0.77166,0.77214,3.00,2.25
2011.05.23 03:04:49.507,0.77179,0.77223,2.10,2.25
2011.05.23 03:04:49.837,0.77187,0.77233,1.50,3.00
2011.05.23 03:04:51.657,0.77187,0.77233,1.50,3.00
2011.05.23 03:04:52.426,0.77187,0.77233,1.50,3.00
2011.05.23 03:04:54.398,0.77186,0.77224,2.85,1.50
2011.05.23 03:04:55.616,0.77186,0.77224,3.60,1.50
2011.05.23 03:04:57.717,0.77187,0.77224,1.50,1.50
2011.05.23 03:04:58.480,0.77186,0.77224,3.60,1.50
2011.05.23 03:04:59.517,0.77187,0.77224,1.50,1.50
2011.05.23 03:04:59.957,0.77186,0.77224,3.60,1.50
2011.05.23 03:05:00.297,0.77181,0.77223,2.10,1.50
2011.05.23 03:05:00.767,0.77187,0.77223,1.50,1.50
2011.05.23 03:05:09.756,0.77182,0.77224,1.35,1.50
2011.05.23 03:05:10.308,0.77176,0.77224,2.25,1.50
2011.05.23 03:05:10.416,0.77176,0.77224,2.25,1.50
2011.05.23 03:05:10.746,0.77176,0.77224,1.50,3.00
2011.05.23 03:05:11.288,0.77176,0.77224,1.50,3.00
2011.05.23 03:05:11.537,0.77176,0.77214,1.50,1.50
2011.05.23 03:05:13.266,0.77176,0.7722,1.50,1.50
2011.05.23 03:05:13.738,0.77177,0.77213,1.50,1.50
2011.05.23 03:05:17.006,0.77176,0.77224,2.25,3.00
2011.05.23 03:05:17.227,0.77179,0.77224,2.10,1.50
2011.05.23 03:05:17.752,0.77186,0.77224,1.50,1.50
2011.05.23 03:05:21.567,0.77186,0.77224,2.25,1.50
2011.05.23 03:05:22.897,0.77186,0.77224,1.50,2.25
2011.05.23 03:05:23.446,0.77177,0.77223,2.10,3.00
2011.05.23 03:05:23.555,0.77177,0.77223,2.10,3.00
2011.05.23 03:05:24.101,0.77177,0.77213,2.10,1.50
2011.05.23 03:05:26.987,0.77176,0.77223,2.10,1.50
2011.05.23 03:05:27.268,0.77177,0.77213,2.10,1.50
2011.05.23 03:05:35.067,0.77177,0.77223,3.60,2.25
2011.05.23 03:05:35.176,0.77179,0.77223,2.10,2.25
2011.05.23 03:05:35.838,0.77186,0.77224,1.50,2.25
2011.05.23 03:05:40.959,0.77186,0.77224,1.50,2.25
2011.05.23 03:05:41.286,0.77187,0.77223,1.50,2.10
2011.05.23 03:05:43.559,0.77187,0.7722,1.50,1.35
2011.05.23 03:05:45.247,0.7718,0.77223,1.35,1.50
2011.05.23 03:05:45.518,0.77187,0.77223,1.50,1.50
2011.05.23 03:05:48.467,0.77187,0.77229,1.50,2.10
2011.05.23 03:05:48.687,0.77179,0.77224,1.35,2.10
2011.05.23 03:05:48.796,0.77179,0.77224,1.35,2.10
2011.05.23 03:05:49.016,0.77177,0.77213,2.10,1.50
2011.05.23 03:05:50.071,0.77177,0.77213,1.50,1.50
2011.05.23 03:06:00.128,0.77177,0.77223,1.50,3.00
2011.05.23 03:06:00.236,0.77179,0.77223,2.10,3.00
2011.05.23 03:06:00.749,0.77186,0.77224,1.50,2.25
2011.05.23 03:06:07.138,0.77186,0.77224,1.50,1.50
2011.05.23 03:06:07.246,0.77187,0.77228,1.50,1.35
2011.05.23 03:06:07.478,0.77187,0.77223,1.50,1.50
2011.05.23 03:06:32.917,0.77186,0.77224,2.25,1.50
2011.05.23 03:06:38.417,0.77186,0.77224,1.50,1.50
2011.05.23 03:06:38.527,0.77187,0.77229,1.50,1.35
2011.05.23 03:06:38.637,0.77187,0.77229,1.50,2.10
2011.05.23 03:06:38.857,0.77177,0.77224,1.35,2.25
2011.05.23 03:06:38.978,0.77177,0.77214,1.35,1.50
2011.05.23 03:06:43.077,0.77177,0.77214,1.35,1.50
2011.05.23 03:06:43.186,0.77177,0.77224,1.35,2.25
2011.05.23 03:06:43.515,0.77177,0.77224,1.35,3.00
2011.05.23 03:06:43.707,0.77177,0.77214,1.35,1.50
2011.05.23 03:06:47.228,0.77176,0.77214,1.50,2.25
2011.05.23 03:06:47.336,0.77167,0.77213,2.85,2.25
2011.05.23 03:06:47.556,0.77168,0.77213,3.98,1.50
2011.05.23 03:06:47.876,0.77176,0.77214,1.50,1.50
2011.05.23 03:06:48.637,0.77176,0.77214,2.10,1.50
2011.05.23 03:06:57.716,0.77177,0.77223,2.85,2.25
2011.05.23 03:06:58.046,0.77186,0.77224,1.50,2.25
2011.05.23 03:06:59.207,0.77186,0.77224,2.10,1.50
2011.05.23 03:06:59.317,0.77187,0.77231,1.50,1.35
2011.05.23 03:06:59.657,0.77186,0.77224,2.10,1.50
2011.05.23 03:07:01.976,0.77187,0.77233,2.85,2.25
2011.05.23 03:07:02.306,0.77196,0.77234,1.50,2.25
2011.05.23 03:07:03.246,0.77196,0.77234,1.50,1.50
2011.05.23 03:07:04.303,0.77196,0.77234,2.10,1.50
2011.05.23 03:07:07.207,0.77196,0.77234,1.50,2.10
2011.05.23 03:07:19.847,0.77197,0.77233,1.50,2.10
2011.05.23 03:07:52.196,0.77191,0.77234,1.35,3.23
2011.05.23 03:07:52.306,0.77186,0.77225,1.50,1.35
2011.05.23 03:07:52.805,0.77177,0.77213,2.10,1.50
2011.05.23 03:07:53.326,0.77177,0.77213,2.10,1.50
2011.05.23 03:07:53.547,0.77181,0.77223,2.10,1.35
2011.05.23 03:07:54.048,0.77181,0.77213,2.10,1.50
2011.05.23 03:07:54.158,0.77187,0.77223,1.50,2.85
2011.05.23 03:07:54.700,0.77187,0.77223,1.50,2.10
2011.05.23 03:07:57.147,0.77187,0.77223,1.50,3.60
2011.05.23 03:07:57.476,0.77181,0.77213,2.10,1.50
2011.05.23 03:08:00.016,0.77177,0.77213,2.10,1.50
2011.05.23 03:08:03.316,0.77187,0.77223,1.50,3.60
2011.05.23 03:08:05.036,0.77179,0.77214,1.35,1.50
2011.05.23 03:08:06.022,0.77176,0.77214,2.85,1.50
2011.05.23 03:08:06.276,0.77177,0.77219,1.50,2.10
2011.05.23 03:08:06.496,0.77177,0.77219,2.25,1.35
2011.05.23 03:08:06.605,0.77176,0.77214,2.25,1.50
2011.05.23 03:08:07.259,0.77186,0.77224,1.50,3.00
2011.05.23 03:08:11.236,0.77177,0.77213,2.85,1.50
2011.05.23 03:08:13.878,0.77178,0.77213,1.35,1.50
2011.05.23 03:08:14.625,0.77177,0.77213,2.10,1.50
2011.05.23 03:08:22.006,0.77177,0.77213,2.10,2.25
2011.05.23 03:08:47.950,0.77179,0.77214,2.10,1.50
2011.05.23 03:08:56.776,0.77187,0.77222,1.50,2.10
2011.05.23 03:08:57.566,0.77179,0.77214,2.10,1.50
2011.05.23 03:09:32.803,0.77179,0.77213,2.10,1.50
2011.05.23 03:09:37.859,0.77177,0.77213,3.00,1.50
2011.05.23 03:09:38.476,0.77187,0.77223,1.50,3.00
2011.05.23 03:09:39.035,0.77177,0.77213,3.00,1.50
2011.05.23 03:10:00.305,0.77177,0.77213,2.10,2.25
2011.05.23 03:10:17.959,0.77176,0.77214,2.10,2.25
2011.05.23 03:10:35.564,0.77176,0.77214,2.10,2.25
2011.05.23 03:10:35.679,0.77166,0.77204,2.10,2.10
2011.05.23 03:10:36.738,0.77166,0.77204,1.50,1.50
2011.05.23 03:10:39.807,0.77177,0.77213,1.50,2.25
2011.05.23 03:10:55.576,0.77177,0.77213,1.50,3.00
2011.05.23 03:10:55.758,0.77167,0.77203,2.25,1.50
2011.05.23 03:11:03.335,0.77177,0.77213,1.50,2.25
2011.05.23 03:11:45.537,0.77177,0.77213,1.50,2.10
2011.05.23 03:11:46.040,0.77172,0.77203,2.10,1.50
2011.05.23 03:11:47.786,0.77167,0.77203,2.10,1.50
2011.05.23 03:11:49.276,0.77167,0.77203,2.85,1.50
2011.05.23 03:12:00.766,0.77176,0.77214,1.50,2.85
2011.05.23 03:12:02.676,0.77176,0.77212,1.50,1.35
2011.05.23 03:12:02.786,0.77166,0.77204,2.85,1.50
2011.05.23 03:12:20.917,0.77167,0.77203,2.85,1.50
2011.05.23 03:12:27.168,0.77176,0.77212,1.50,2.10
2011.05.23 03:12:27.277,0.77176,0.77212,1.50,1.35
2011.05.23 03:12:27.778,0.77176,0.77214,1.50,2.25
2011.05.23 03:12:29.628,0.77176,0.77214,1.50,2.25
2011.05.23 03:12:32.987,0.77176,0.77224,2.10,3.00
2011.05.23 03:12:33.850,0.77177,0.77213,1.50,1.50
2011.05.23 03:12:42.128,0.77177,0.77222,2.25,1.50
2011.05.23 03:12:42.237,0.77177,0.77223,1.50,1.50
2011.05.23 03:12:42.536,0.77186,0.77224,1.50,2.85
2011.05.23 03:12:43.640,0.77186,0.77224,1.50,2.85
2011.05.23 03:12:57.631,0.77176,0.77224,3.00,3.60
2011.05.23 03:12:57.736,0.77181,0.77224,1.50,2.10
2011.05.23 03:12:58.340,0.77186,0.77224,1.50,2.10
2011.05.23 03:12:59.456,0.77186,0.77224,1.50,3.60
2011.05.23 03:12:59.566,0.77177,0.77223,1.50,2.25
2011.05.23 03:12:59.896,0.77187,0.77223,1.50,2.25
2011.05.23 03:13:00.618,0.77187,0.77223,1.50,2.25
2011.05.23 03:13:01.608,0.77187,0.77223,1.50,2.25
2011.05.23 03:13:03.868,0.77187,0.77223,1.50,2.25
2011.05.23 03:13:04.086,0.77176,0.77224,2.25,2.85
2011.05.23 03:13:04.557,0.77187,0.77223,1.50,2.25
2011.05.23 03:13:13.256,0.77177,0.77219,1.50,1.50
2011.05.23 03:13:13.586,0.77177,0.77223,1.50,2.25
2011.05.23 03:13:13.738,0.77177,0.77223,2.25,1.50
2011.05.23 03:13:13.846,0.77187,0.77223,1.50,1.50
2011.05.23 03:13:14.587,0.77187,0.77223,1.50,2.25
2011.05.23 03:13:16.016,0.77177,0.77223,2.25,2.25
2011.05.23 03:13:17.216,0.77177,0.77219,1.50,1.35
2011.05.23 03:13:17.566,0.77177,0.77213,1.50,1.50
2011.05.23 03:13:18.826,0.77177,0.77223,1.50,3.00
2011.05.23 03:13:19.298,0.77177,0.77213,1.50,1.50
2011.05.23 03:13:21.917,0.77167,0.77207,2.25,2.10
2011.05.23 03:13:22.980,0.77166,0.77204,2.25,2.10
2011.05.23 03:13:23.857,0.77166,0.77204,1.50,2.10
2011.05.23 03:13:25.256,0.77161,0.77204,1.35,2.10
2011.05.23 03:13:25.367,0.77161,0.77204,1.35,2.10
2011.05.23 03:13:25.587,0.77167,0.77203,1.50,2.10
2011.05.23 03:13:25.806,0.77163,0.77204,2.10,1.50
2011.05.23 03:13:26.246,0.77167,0.77212,2.85,1.35
2011.05.23 03:13:26.706,0.7717,0.77213,2.10,2.85
2011.05.23 03:13:27.519,0.77176,0.77214,1.50,2.85
2011.05.23 03:13:29.143,0.77176,0.77214,1.50,2.25
2011.05.23 03:13:31.605,0.77171,0.77213,1.50,1.50
2011.05.23 03:13:31.808,0.77177,0.77213,1.50,1.50
2011.05.23 03:13:32.246,0.77167,0.77214,1.50,1.50
2011.05.23 03:13:32.466,0.77167,0.77214,1.50,1.50
2011.05.23 03:13:33.018,0.77167,0.77203,3.00,1.50
2011.05.23 03:13:33.126,0.77167,0.77203,3.00,1.50
2011.05.23 03:13:43.736,0.77167,0.77203,2.10,1.50
2011.05.23 03:14:05.546,0.77167,0.77203,1.50,3.60
2011.05.23 03:14:20.420,0.77167,0.77203,1.50,1.50
2011.05.23 03:14:21.410,0.77167,0.77203,1.50,2.10
2011.05.23 03:14:21.829,0.77157,0.77193,2.85,1.50
2011.05.23 03:14:28.728,0.77157,0.77193,2.10,2.10
2011.05.23 03:14:29.116,0.77167,0.772,1.50,2.10
2011.05.23 03:14:32.239,0.77167,0.77201,1.50,2.10
2011.05.23 03:14:42.032,0.77167,0.77203,1.50,2.10
2011.05.23 03:15:06.508,0.77149,0.77193,1.35,2.10
2011.05.23 03:15:06.837,0.77157,0.77193,1.50,2.85
2011.05.23 03:15:08.609,0.77147,0.77183,2.10,1.50
2011.05.23 03:15:39.159,0.77156,0.77193,1.50,1.35
2011.05.23 03:15:39.489,0.77156,0.77193,1.50,1.35
2011.05.23 03:15:42.638,0.77156,0.77194,2.10,2.25
2011.05.23 03:15:56.909,0.77157,0.77193,1.50,1.50
2011.05.23 03:16:02.963,0.77156,0.77194,2.10,2.25
2011.05.23 03:16:15.218,0.77156,0.77194,2.10,4.35
2011.05.23 03:16:15.658,0.77156,0.7719,2.10,1.35
2011.05.23 03:16:16.080,0.77152,0.77184,2.10,1.50
2011.05.23 03:16:19.629,0.77152,0.77184,2.10,2.25
2011.05.23 03:16:33.800,0.77146,0.77184,2.10,2.25
2011.05.23 03:17:20.531,0.77146,0.77184,2.85,1.50
2011.05.23 03:17:32.930,0.77147,0.77183,2.85,1.50
2011.05.23 03:17:34.142,0.77147,0.77183,2.25,1.50
2011.05.23 03:17:41.290,0.77149,0.77193,1.35,2.85
2011.05.23 03:17:41.499,0.77156,0.77193,1.50,1.35
2011.05.23 03:17:42.609,0.77156,0.77193,1.50,1.35
2011.05.23 03:17:47.659,0.77151,0.77194,2.10,2.10
2011.05.23 03:17:47.770,0.77152,0.77194,1.35,2.10
2011.05.23 03:17:49.550,0.77157,0.77193,1.50,2.10
2011.05.23 03:17:50.028,0.77152,0.77193,1.35,2.85
2011.05.23 03:17:50.379,0.77156,0.77193,1.50,1.35
2011.05.23 03:17:51.775,0.77156,0.77193,1.50,1.35
2011.05.23 03:18:05.729,0.77156,0.77194,1.50,2.10
2011.05.23 03:18:05.838,0.77152,0.77193,1.35,2.10
2011.05.23 03:18:05.960,0.77156,0.77194,1.50,2.10
2011.05.23 03:18:06.449,0.77167,0.77194,2.10,1.50
2011.05.23 03:18:06.559,0.77167,0.77207,2.10,3.00
2011.05.23 03:18:06.668,0.77167,0.77214,2.10,2.85
2011.05.23 03:18:06.779,0.77168,0.77213,1.35,1.50
2011.05.23 03:18:06.999,0.77174,0.77214,2.10,2.25
2011.05.23 03:18:07.108,0.77176,0.77221,2.10,2.10
2011.05.23 03:18:07.219,0.77177,0.77221,2.10,1.35
2011.05.23 03:18:07.329,0.77177,0.77248,1.50,1.50
2011.05.23 03:18:07.438,0.77177,0.77243,1.88,1.13
2011.05.23 03:18:07.768,0.77187,0.77234,2.10,1.50
2011.05.23 03:18:08.099,0.77186,0.77232,1.50,1.35
2011.05.23 03:18:08.208,0.77183,0.77232,1.35,1.73
2011.05.23 03:18:08.318,0.77186,0.77232,1.50,1.73
2011.05.23 03:18:09.779,0.77177,0.77223,1.50,2.25
2011.05.23 03:18:10.078,0.77177,0.77213,1.50,1.50
2011.05.23 03:18:20.958,0.77176,0.77224,2.25,3.00
2011.05.23 03:18:21.067,0.77176,0.77224,3.00,3.00
2011.05.23 03:18:21.288,0.77187,0.77223,1.50,1.50
2011.05.23 03:18:23.478,0.77181,0.77223,3.60,1.50
2011.05.23 03:18:24.350,0.77187,0.77223,1.50,1.50
2011.05.23 03:18:30.959,0.77178,0.77223,1.35,1.50
2011.05.23 03:18:31.069,0.77178,0.77223,1.35,1.50
2011.05.23 03:18:31.288,0.77186,0.77224,1.50,3.00
2011.05.23 03:18:32.869,0.77186,0.77224,1.50,3.00
2011.05.23 03:18:37.939,0.77186,0.77223,2.10,1.35
2011.05.23 03:18:38.268,0.77186,0.77219,1.50,3.60
2011.05.23 03:18:38.708,0.77178,0.77213,1.35,2.10
2011.05.23 03:18:39.538,0.77178,0.77223,1.35,1.35
2011.05.23 03:18:39.889,0.77186,0.77223,1.50,1.35
2011.05.23 03:18:40.240,0.77189,0.77224,2.10,2.25
2011.05.23 03:18:40.349,0.77189,0.77233,2.10,3.60
2011.05.23 03:18:40.459,0.77195,0.77234,2.10,1.50
2011.05.23 03:18:42.280,0.77189,0.77234,2.10,2.10
2011.05.23 03:18:42.609,0.77197,0.77233,1.50,2.85
2011.05.23 03:18:45.140,0.77197,0.77233,1.50,2.25
2011.05.23 03:18:46.620,0.77187,0.77233,1.50,3.00
2011.05.23 03:18:47.620,0.77187,0.77231,1.50,1.50
2011.05.23 03:18:50.087,0.77187,0.77233,1.50,2.25
2011.05.23 03:18:50.308,0.77187,0.77233,2.25,1.50
2011.05.23 03:18:50.528,0.77196,0.77234,1.50,2.25
2011.05.23 03:18:51.448,0.77196,0.77234,1.50,3.00
2011.05.23 03:18:51.558,0.77186,0.77234,2.85,3.00
2011.05.23 03:18:51.918,0.77186,0.77234,3.60,2.25
2011.05.23 03:18:52.399,0.77196,0.77234,1.50,2.25
2011.05.23 03:18:52.741,0.77187,0.77229,1.50,2.10
2011.05.23 03:18:52.849,0.77187,0.77227,1.50,1.50
2011.05.23 03:18:52.959,0.77178,0.77227,1.35,1.50
2011.05.23 03:18:53.069,0.77177,0.77223,2.10,3.00
2011.05.23 03:18:53.288,0.77179,0.77228,1.35,1.50
2011.05.23 03:18:53.449,0.77186,0.77228,1.50,1.50
2011.05.23 03:18:55.600,0.77186,0.77233,1.50,1.50
2011.05.23 03:18:57.408,0.77186,0.77234,1.50,2.25
2011.05.23 03:18:57.518,0.77185,0.77233,1.13,1.50
2011.05.23 03:18:57.848,0.77184,0.77231,3.00,2.10
2011.05.23 03:18:58.398,0.77187,0.77231,2.25,2.10
2011.05.23 03:18:59.449,0.77187,0.77231,2.25,2.10
2011.05.23 03:18:59.558,0.77186,0.77233,1.13,1.50
2011.05.23 03:19:00.376,0.77186,0.77233,2.25,1.35
2011.05.23 03:19:00.709,0.77186,0.77224,2.25,1.50
2011.05.23 03:19:01.249,0.77186,0.77224,1.50,2.10
2011.05.23 03:19:01.578,0.77179,0.77224,1.50,2.10
2011.05.23 03:19:01.798,0.77186,0.77224,1.50,2.10
2011.05.23 03:19:03.158,0.77186,0.77224,2.25,2.10
2011.05.23 03:19:04.563,0.77186,0.77224,2.25,1.50
2011.05.23 03:19:06.039,0.7719,0.77224,1.35,1.50
2011.05.23 03:19:06.258,0.7719,0.77234,2.10,2.10
2011.05.23 03:19:06.369,0.77191,0.77234,1.50,2.10
2011.05.23 03:19:07.150,0.77197,0.77233,1.50,2.10
2011.05.23 03:19:07.258,0.77191,0.77234,1.50,2.10
2011.05.23 03:19:07.478,0.77186,0.77233,2.85,1.35
2011.05.23 03:19:07.828,0.77187,0.77223,2.10,1.50
2011.05.23 03:19:10.553,0.7719,0.77223,1.35,1.50
2011.05.23 03:19:12.278,0.77191,0.77234,1.50,2.10
2011.05.23 03:19:12.511,0.77196,0.77234,1.50,2.10
2011.05.23 03:19:23.979,0.77192,0.77233,1.50,2.10
2011.05.23 03:19:24.199,0.77192,0.77233,1.50,2.10
2011.05.23 03:19:24.308,0.77196,0.77234,1.50,2.10
2011.05.23 03:19:25.729,0.77197,0.77243,2.25,4.35
2011.05.23 03:19:26.406,0.77197,0.77235,2.25,2.10
2011.05.23 03:19:26.728,0.77192,0.77233,1.50,2.10
2011.05.23 03:19:26.948,0.7719,0.77233,1.35,2.10
2011.05.23 03:19:27.499,0.77198,0.77233,1.35,1.50
2011.05.23 03:19:27.719,0.77197,0.77233,2.25,2.10
2011.05.23 03:19:28.498,0.77191,0.77234,1.50,2.10
2011.05.23 03:19:28.718,0.7719,0.77234,1.35,2.10
2011.05.23 03:19:28.828,0.7719,0.77223,1.35,1.50
2011.05.23 03:19:28.939,0.77196,0.77234,1.50,2.10
2011.05.23 03:19:29.268,0.77191,0.77234,1.35,3.60
2011.05.23 03:19:29.649,0.77191,0.77224,1.35,1.50
2011.05.23 03:19:30.668,0.77191,0.77224,1.35,1.50
2011.05.23 03:19:31.010,0.77197,0.77234,1.50,1.50
2011.05.23 03:19:32.581,0.77197,0.77233,3.00,1.50
2011.05.23 03:19:32.689,0.772,0.77233,1.50,1.50
2011.05.23 03:19:33.608,0.77201,0.77233,1.35,1.50
2011.05.23 03:19:33.719,0.772,0.77233,2.10,1.50
2011.05.23 03:19:34.636,0.77201,0.77233,1.50,1.50
2011.05.23 03:19:35.238,0.77197,0.77233,2.85,1.50
2011.05.23 03:19:36.168,0.77194,0.77233,1.35,2.10
2011.05.23 03:19:36.278,0.77194,0.77233,1.35,2.10
2011.05.23 03:19:36.499,0.77194,0.77224,1.35,1.50
2011.05.23 03:19:37.160,0.77191,0.77224,1.35,1.50
2011.05.23 03:19:37.719,0.77181,0.77223,1.50,1.50
2011.05.23 03:19:38.048,0.77181,0.77214,1.50,1.50
2011.05.23 03:19:38.600,0.77179,0.77214,1.35,1.50
2011.05.23 03:19:40.745,0.77179,0.77214,1.35,1.50
2011.05.23 03:19:41.079,0.77182,0.77223,1.50,1.50
2011.05.23 03:19:41.299,0.77187,0.77223,1.50,1.50
2011.05.23 03:19:42.448,0.77187,0.77223,3.00,1.50
2011.05.23 03:19:43.018,0.77187,0.77223,2.25,1.50
2011.05.23 03:19:43.358,0.77187,0.77223,3.00,1.50
2011.05.23 03:19:43.688,0.77187,0.77223,2.25,1.50
2011.05.23 03:19:44.228,0.77187,0.77223,3.00,1.50
2011.05.23 03:19:44.558,0.77197,0.77232,1.50,2.10
2011.05.23 03:19:45.411,0.77196,0.77232,2.10,2.10
2011.05.23 03:19:45.830,0.77194,0.77233,2.10,2.10
2011.05.23 03:19:47.779,0.77208,0.77243,2.10,2.10
2011.05.23 03:19:47.999,0.77203,0.77243,1.35,3.60
2011.05.23 03:19:48.601,0.77206,0.77243,1.50,2.10
2011.05.23 03:19:49.488,0.77197,0.77243,2.25,2.10
2011.05.23 03:19:49.818,0.77196,0.77234,2.25,1.50
2011.05.23 03:19:50.498,0.77197,0.77234,2.10,1.50
2011.05.23 03:19:50.829,0.77207,0.77243,1.50,3.60
2011.05.23 03:19:51.848,0.77191,0.77233,2.25,2.10
2011.05.23 03:19:51.959,0.77188,0.77233,1.13,2.10
2011.05.23 03:19:52.288,0.77194,0.77234,2.10,1.50
2011.05.23 03:19:53.610,0.77196,0.77234,1.50,1.50
2011.05.23 03:19:54.600,0.77196,0.77234,2.25,1.50
2011.05.23 03:20:08.968,0.77196,0.77234,1.50,2.10
2011.05.23 03:20:09.298,0.77188,0.77223,2.10,1.50
2011.05.23 03:20:09.855,0.77187,0.77223,2.10,1.50
2011.05.23 03:20:10.683,0.77197,0.77233,1.50,2.10
2011.05.23 03:20:11.218,0.77197,0.77233,1.50,1.50
2011.05.23 03:20:11.329,0.77197,0.77241,1.50,2.10
2011.05.23 03:20:11.770,0.77207,0.77241,1.50,2.10
2011.05.23 03:20:13.028,0.77197,0.77241,2.25,2.10
2011.05.23 03:20:13.249,0.77197,0.77242,1.50,1.35
2011.05.23 03:20:13.358,0.77197,0.77233,1.50,1.50
2011.05.23 03:20:13.687,0.77188,0.77224,1.35,1.50
2011.05.23 03:20:15.069,0.77196,0.77234,1.50,1.50
2011.05.23 03:20:16.775,0.77188,0.77224,2.10,1.50
2011.05.23 03:20:18.540,0.77188,0.77224,1.35,1.50
2011.05.23 03:20:26.219,0.77188,0.77224,1.35,1.50
2011.05.23 03:20:31.471,0.77196,0.77234,1.50,1.50
2011.05.23 03:20:33.868,0.77188,0.77224,1.35,1.50
2011.05.23 03:20:35.579,0.77188,0.77224,1.35,1.50
2011.05.23 03:20:43.718,0.77192,0.77234,2.85,1.50
2011.05.23 03:20:44.268,0.77197,0.77248,2.85,2.25
2011.05.23 03:20:44.378,0.77197,0.77253,2.85,2.63
2011.05.23 03:20:44.817,0.77197,0.77234,1.35,1.50
2011.05.23 03:20:45.536,0.77197,0.77234,1.35,1.50
2011.05.23 03:20:46.980,0.77201,0.77244,1.35,1.50
2011.05.23 03:20:47.198,0.77207,0.77243,1.50,1.50
2011.05.23 03:20:47.913,0.77206,0.77249,1.50,1.35
2011.05.23 03:20:48.461,0.77206,0.77244,2.25,1.50
2011.05.23 03:20:54.430,0.77206,0.77244,1.50,1.50
2011.05.23 03:20:54.648,0.77198,0.77244,1.35,2.10
2011.05.23 03:20:54.758,0.77198,0.77233,1.35,1.50
2011.05.23 03:20:57.375,0.77198,0.77243,1.35,2.10
2011.05.23 03:20:57.478,0.77197,0.77243,2.10,2.10
2011.05.23 03:20:57.699,0.77196,0.77234,2.85,1.50
2011.05.23 03:20:59.826,0.77197,0.77234,1.35,2.10
2011.05.23 03:21:00.768,0.77197,0.77233,2.10,1.50
2011.05.23 03:21:01.580,0.77197,0.77234,2.10,1.50
2011.05.23 03:21:02.460,0.77196,0.77234,2.10,1.50
2011.05.23 03:21:04.070,0.77192,0.77233,1.35,1.50
2011.05.23 03:21:04.846,0.77196,0.77234,1.50,1.50
2011.05.23 03:21:05.510,0.77196,0.77234,2.25,1.50
2011.05.23 03:21:06.641,0.77196,0.77234,2.25,1.50
2011.05.23 03:21:12.556,0.77196,0.77241,2.25,2.10
2011.05.23 03:21:12.779,0.77203,0.77244,1.35,2.10
2011.05.23 03:21:15.610,0.77206,0.77244,2.25,2.10
2011.05.23 03:21:20.058,0.77201,0.77244,1.35,2.10
2011.05.23 03:21:20.279,0.77201,0.77234,1.35,1.50
2011.05.23 03:21:21.229,0.77196,0.77234,1.50,2.10
2011.05.23 03:21:21.338,0.77187,0.77233,2.25,2.10
2011.05.23 03:21:21.460,0.77187,0.77223,2.25,1.50
2011.05.23 03:21:21.918,0.77186,0.77234,2.25,2.10
2011.05.23 03:21:22.596,0.77186,0.77234,4.88,1.50
2011.05.23 03:21:23.529,0.77186,0.77234,4.88,1.50
2011.05.23 03:21:24.409,0.77186,0.77234,4.88,1.50
2011.05.23 03:21:25.155,0.77199,0.77233,1.35,1.50
2011.05.23 03:21:25.619,0.77199,0.77233,1.35,1.50
2011.05.23 03:21:27.209,0.77199,0.77244,1.35,1.50
2011.05.23 03:21:27.538,0.77199,0.77233,1.35,1.50
2011.05.23 03:21:28.499,0.77186,0.77234,2.85,2.10
2011.05.23 03:21:28.748,0.77187,0.77223,1.50,1.50
2011.05.23 03:21:29.498,0.77186,0.77234,2.85,2.10
2011.05.23 03:21:29.828,0.77186,0.77224,2.85,1.50
2011.05.23 03:21:30.619,0.77186,0.77224,2.85,1.50
2011.05.23 03:21:31.681,0.77186,0.77233,1.35,2.10
2011.05.23 03:21:31.789,0.77182,0.77233,1.35,2.85
2011.05.23 03:21:31.898,0.77178,0.77233,1.35,2.10
2011.05.23 03:21:32.230,0.77178,0.77213,1.35,1.50
2011.05.23 03:21:34.640,0.77178,0.77213,1.35,1.50
2011.05.23 03:21:34.748,0.77178,0.77223,1.35,1.50
2011.05.23 03:21:34.858,0.77177,0.77223,2.25,3.60
2011.05.23 03:21:35.078,0.77167,0.77213,2.25,1.50
2011.05.23 03:21:35.188,0.77167,0.77213,2.25,2.10
2011.05.23 03:21:35.518,0.77167,0.77213,2.25,2.10
2011.05.23 03:21:36.041,0.77177,0.77213,1.50,2.10
2011.05.23 03:21:40.228,0.77166,0.77214,2.25,2.10
2011.05.23 03:21:40.810,0.77176,0.77214,1.50,2.10
2011.05.23 03:21:41.619,0.77176,0.77214,2.25,2.10
2011.05.23 03:21:44.534,0.77176,0.77214,2.25,1.50
2011.05.23 03:21:58.959,0.77177,0.77213,2.25,1.50
2011.05.23 03:22:01.759,0.77161,0.77203,2.25,1.50
2011.05.23 03:22:01.978,0.77157,0.77203,1.50,2.10
2011.05.23 03:22:02.308,0.77141,0.77203,1.50,1.50
2011.05.23 03:22:02.418,0.77142,0.77203,3.00,1.50
2011.05.23 03:22:02.748,0.77149,0.77203,1.35,2.10
2011.05.23 03:22:03.078,0.77157,0.77203,1.50,2.10
2011.05.23 03:22:03.299,0.77157,0.77203,1.50,1.50
2011.05.23 03:22:03.519,0.77167,0.77203,1.50,1.50
2011.05.23 03:22:04.468,0.77157,0.77203,2.63,1.50
2011.05.23 03:22:04.798,0.77166,0.77213,1.50,1.35
2011.05.23 03:22:05.553,0.77166,0.77213,2.25,1.35
2011.05.23 03:22:06.095,0.77166,0.77214,2.25,2.85
2011.05.23 03:22:07.651,0.77166,0.77214,2.25,2.85
2011.05.23 03:22:07.758,0.77156,0.77204,2.25,1.50
2011.05.23 03:22:09.520,0.77166,0.77204,2.25,1.50
2011.05.23 03:22:20.059,0.77165,0.77203,1.50,1.50
2011.05.23 03:22:20.278,0.77166,0.77214,3.00,2.10
2011.05.23 03:22:20.520,0.77177,0.77213,1.50,2.10
2011.05.23 03:22:21.083,0.77177,0.77213,1.50,2.85
2011.05.23 03:22:21.853,0.77177,0.77213,1.50,2.10
2011.05.23 03:22:26.910,0.77177,0.77213,2.25,2.85
2011.05.23 03:22:33.509,0.77177,0.77213,2.25,2.10
2011.05.23 03:22:34.172,0.77177,0.77213,2.25,2.85
2011.05.23 03:22:35.813,0.77177,0.77213,2.25,2.10
2011.05.23 03:22:37.469,0.77177,0.77213,2.25,2.85
2011.05.23 03:22:38.229,0.77177,0.77213,2.25,2.10
2011.05.23 03:22:38.902,0.77177,0.77213,2.25,2.85
2011.05.23 03:22:45.578,0.77167,0.77213,1.50,1.35
2011.05.23 03:22:45.710,0.77167,0.77203,3.00,1.50
2011.05.23 03:22:47.559,0.77167,0.77203,3.00,1.50
2011.05.23 03:22:51.248,0.77171,0.77214,1.35,2.10
2011.05.23 03:22:51.579,0.77177,0.77213,1.50,2.10
2011.05.23 03:23:34.374,0.77176,0.77214,2.25,1.50
2011.05.23 03:23:34.478,0.77166,0.77214,4.35,2.25
2011.05.23 03:23:34.808,0.77166,0.77213,2.25,1.35
2011.05.23 03:23:34.918,0.77166,0.77204,2.25,1.50
2011.05.23 03:23:37.560,0.77166,0.77204,2.25,1.50
2011.05.23 03:23:51.641,0.77166,0.77204,1.50,1.50
2011.05.23 03:23:51.858,0.77162,0.77204,1.50,1.50
2011.05.23 03:23:52.690,0.77158,0.77204,1.50,1.50
2011.05.23 03:23:53.570,0.77156,0.77204,2.85,2.25
2011.05.23 03:23:53.789,0.77156,0.77197,1.50,1.35
2011.05.23 03:23:54.118,0.77131,0.77187,1.50,2.63
2011.05.23 03:23:54.592,0.77131,0.77184,3.00,1.50
2011.05.23 03:23:54.702,0.77141,0.77193,1.50,1.50
2011.05.23 03:23:55.399,0.77141,0.77194,1.50,1.50
2011.05.23 03:23:55.601,0.77142,0.77194,1.50,1.50
2011.05.23 03:23:55.979,0.77141,0.77194,1.50,1.50
2011.05.23 03:23:56.088,0.7714,0.77191,3.00,1.35
2011.05.23 03:23:56.431,0.77137,0.77173,3.00,1.50
2011.05.23 03:23:56.799,0.77141,0.7719,1.50,2.25
2011.05.23 03:23:56.908,0.77141,0.77193,1.50,1.50
2011.05.23 03:23:58.631,0.77141,0.77193,1.50,1.50
2011.05.23 03:23:59.548,0.7714,0.77193,3.75,1.50
2011.05.23 03:23:59.658,0.7714,0.77193,3.75,1.50
2011.05.23 03:23:59.769,0.7714,0.77203,3.75,1.50
2011.05.23 03:24:00.490,0.77137,0.77193,2.25,1.50
2011.05.23 03:24:01.051,0.77137,0.77193,2.25,1.50
2011.05.23 03:24:02.640,0.77137,0.77193,2.25,1.50
2011.05.23 03:24:04.948,0.77139,0.77193,1.13,1.50
2011.05.23 03:24:05.169,0.77146,0.77193,1.13,1.50
2011.05.23 03:24:05.278,0.77147,0.77193,1.13,1.50
2011.05.23 03:24:05.388,0.77147,0.77203,4.88,2.25
2011.05.23 03:24:05.509,0.77156,0.77204,1.50,3.00
2011.05.23 03:24:05.670,0.77156,0.77204,1.50,2.25
2011.05.23 03:24:06.110,0.77156,0.77204,1.50,3.00
2011.05.23 03:24:07.545,0.77156,0.77204,2.25,3.00
2011.05.23 03:24:09.083,0.77156,0.77204,2.25,3.00
2011.05.23 03:24:10.070,0.77156,0.77204,2.25,2.25
2011.05.23 03:24:10.527,0.77156,0.77204,2.25,3.00
2011.05.23 03:24:15.129,0.77156,0.77204,3.00,2.25
2011.05.23 03:24:15.689,0.77156,0.77204,3.00,1.50
2011.05.23 03:24:18.569,0.77157,0.77204,1.50,1.50
2011.05.23 03:24:32.881,0.77157,0.77203,2.25,1.50
2011.05.23 03:24:34.111,0.77157,0.77203,2.25,1.50
2011.05.23 03:24:47.950,0.77157,0.77204,1.50,2.25
2011.05.23 03:25:00.749,0.77131,0.77203,1.50,3.00
2011.05.23 03:25:00.858,0.77131,0.77203,1.50,3.00
2011.05.23 03:25:01.298,0.77139,0.77204,1.13,2.25
2011.05.23 03:25:01.409,0.77142,0.77194,1.50,1.50
2011.05.23 03:25:01.923,0.77147,0.77194,1.13,1.50
2011.05.23 03:25:02.610,0.77147,0.77193,3.38,1.50
2011.05.23 03:25:03.590,0.77151,0.77193,1.50,1.50
2011.05.23 03:25:15.768,0.77151,0.77193,1.35,1.50
2011.05.23 03:25:17.080,0.77151,0.77193,2.10,1.50
2011.05.23 03:25:18.169,0.77151,0.77193,1.35,1.50
2011.05.23 03:25:22.360,0.77151,0.77193,1.35,1.50
2011.05.23 03:25:25.788,0.77151,0.77193,2.10,1.50
2011.05.23 03:25:27.201,0.77151,0.77193,1.35,1.50
2011.05.23 03:25:27.491,0.77151,0.77202,1.35,1.35
2011.05.23 03:25:27.598,0.77151,0.77199,1.35,1.50
2011.05.23 03:25:27.929,0.77126,0.77187,3.38,3.00
2011.05.23 03:25:29.322,0.77137,0.77183,1.50,2.10
2011.05.23 03:25:30.910,0.77137,0.77183,1.50,2.85
2011.05.23 03:25:31.341,0.77132,0.77183,1.35,2.85
2011.05.23 03:25:31.448,0.77134,0.77183,1.50,2.10
2011.05.23 03:25:31.558,0.77136,0.77183,1.50,1.50
2011.05.23 03:25:32.482,0.77136,0.77184,3.00,2.25
2011.05.23 03:25:33.830,0.77139,0.77184,1.50,2.25
2011.05.23 03:25:35.592,0.77136,0.77183,2.25,1.50
2011.05.23 03:25:35.705,0.77136,0.77182,2.25,1.35
2011.05.23 03:25:37.580,0.77136,0.77182,3.00,1.35
2011.05.23 03:25:40.430,0.77136,0.77182,3.00,1.35
2011.05.23 03:25:40.818,0.77137,0.77184,2.10,3.00
2011.05.23 03:25:48.300,0.77136,0.77184,3.00,2.85
2011.05.23 03:25:48.518,0.77136,0.77184,2.25,3.60
2011.05.23 03:25:49.569,0.77136,0.7718,2.25,1.50
2011.05.23 03:25:57.338,0.77136,0.77184,3.00,2.85
2011.05.23 03:25:57.520,0.77147,0.77183,1.50,1.50
2011.05.23 03:26:01.498,0.77137,0.77183,2.25,2.25
2011.05.23 03:26:01.830,0.77137,0.77183,2.25,2.25
2011.05.23 03:26:19.930,0.77136,0.77184,1.50,3.60
2011.05.23 03:27:01.829,0.77136,0.77184,1.50,2.25
2011.05.23 03:27:07.307,0.77136,0.77184,1.50,2.25
2011.05.23 03:27:09.829,0.77127,0.77184,3.38,2.25
2011.05.23 03:27:09.938,0.77135,0.77184,1.50,3.00
2011.05.23 03:27:10.268,0.77137,0.77183,3.00,2.25
2011.05.23 03:27:10.768,0.77137,0.77183,2.25,3.00
2011.05.23 03:27:11.269,0.77137,0.77183,1.50,1.50
2011.05.23 03:27:12.619,0.77137,0.77183,1.50,2.25
2011.05.23 03:27:13.359,0.77137,0.77183,2.25,2.25
2011.05.23 03:27:20.768,0.77137,0.77183,3.00,2.25
2011.05.23 03:27:26.699,0.77141,0.77183,1.50,1.50
2011.05.23 03:27:27.028,0.77148,0.77183,2.10,1.50
2011.05.23 03:27:27.249,0.77139,0.77183,1.35,2.10
2011.05.23 03:27:27.510,0.77139,0.77174,1.35,1.50
2011.05.23 03:27:27.921,0.77135,0.77174,1.35,2.10
2011.05.23 03:27:28.139,0.77135,0.77174,1.35,2.10
2011.05.23 03:27:29.301,0.77134,0.77174,1.35,2.10
2011.05.23 03:27:47.018,0.77137,0.77174,2.10,4.35
2011.05.23 03:27:57.489,0.77142,0.77177,2.10,2.10
2011.05.23 03:27:57.759,0.77138,0.77183,1.35,1.50
2011.05.23 03:27:58.670,0.77136,0.77183,2.85,1.50
2011.05.23 03:27:59.382,0.77137,0.77181,2.10,1.35
2011.05.23 03:28:06.019,0.77138,0.77183,2.10,1.35
2011.05.23 03:28:06.127,0.77138,0.77183,2.10,1.35
2011.05.23 03:28:09.968,0.77138,0.77174,2.10,1.50
2011.05.23 03:28:16.188,0.77136,0.77174,2.10,2.10
2011.05.23 03:28:16.979,0.77137,0.77173,1.50,1.50
2011.05.23 03:28:18.518,0.77136,0.77179,2.10,1.35
2011.05.23 03:28:18.738,0.77136,0.77182,1.50,2.10
2011.05.23 03:28:18.958,0.77136,0.77182,2.25,1.35
2011.05.23 03:28:19.308,0.77146,0.77184,1.50,3.60
2011.05.23 03:28:19.419,0.77146,0.77184,1.50,1.50
2011.05.23 03:28:19.529,0.77146,0.77189,1.50,1.50
2011.05.23 03:28:19.858,0.77146,0.77189,1.50,1.50
2011.05.23 03:28:20.370,0.77147,0.77183,1.50,1.50
2011.05.23 03:28:20.479,0.77137,0.77183,2.25,1.50
2011.05.23 03:28:20.699,0.77137,0.77183,1.50,2.25
2011.05.23 03:28:21.029,0.7713,0.77174,1.35,1.50
2011.05.23 03:28:21.988,0.77136,0.77174,1.50,1.50
2011.05.23 03:28:23.611,0.77136,0.77174,1.50,2.25
2011.05.23 03:28:25.749,0.77138,0.77183,2.10,4.50
2011.05.23 03:28:25.979,0.77137,0.77178,1.50,1.35
2011.05.23 03:28:26.527,0.77136,0.77174,2.10,1.50
2011.05.23 03:28:27.269,0.77139,0.77183,2.10,1.35
2011.05.23 03:28:28.560,0.77147,0.77183,1.50,2.85
2011.05.23 03:28:29.490,0.77147,0.77183,1.50,2.85
2011.05.23 03:28:31.367,0.77147,0.77183,1.50,2.85
2011.05.23 03:28:34.149,0.77141,0.77183,1.35,1.35
2011.05.23 03:28:34.258,0.77136,0.77177,1.50,2.10
2011.05.23 03:28:36.298,0.77136,0.77174,1.50,1.50
2011.05.23 03:28:37.650,0.77136,0.77174,2.25,1.50
2011.05.23 03:28:39.219,0.77133,0.77173,1.35,1.50
2011.05.23 03:28:39.548,0.77136,0.77174,1.50,1.50
2011.05.23 03:28:48.741,0.77136,0.77174,1.50,3.00
2011.05.23 03:28:50.280,0.77136,0.77174,1.50,2.25
2011.05.23 03:28:51.068,0.77132,0.77173,1.35,1.50
2011.05.23 03:28:51.288,0.77136,0.77174,1.50,1.50
2011.05.23 03:28:53.600,0.77136,0.77174,2.25,1.50
2011.05.23 03:28:58.548,0.77141,0.77181,2.10,1.35
2011.05.23 03:28:59.208,0.77142,0.77183,2.10,1.50
2011.05.23 03:28:59.699,0.77142,0.77184,2.85,2.25
2011.05.23 03:29:00.288,0.77142,0.77173,2.10,1.50
2011.05.23 03:29:25.229,0.77142,0.77183,2.10,1.50
2011.05.23 03:29:34.118,0.77147,0.77189,2.10,1.35
2011.05.23 03:29:34.230,0.77146,0.77184,2.10,1.50
2011.05.23 03:29:58.969,0.77146,0.77189,2.10,1.35
2011.05.23 03:29:59.281,0.77147,0.77183,1.50,1.50
2011.05.23 03:30:10.587,0.77147,0.77192,2.25,1.50
2011.05.23 03:30:10.808,0.77147,0.77183,2.25,1.50
2011.05.23 03:30:14.327,0.77152,0.77183,2.10,1.50
2011.05.23 03:30:14.743,0.77156,0.77183,2.10,1.50
2011.05.23 03:30:14.851,0.77156,0.77194,3.60,2.85
2011.05.23 03:30:16.569,0.77156,0.77194,3.60,2.85
2011.05.23 03:30:20.136,0.77156,0.77194,1.50,4.35
2011.05.23 03:30:22.279,0.7715,0.77194,2.10,5.10
2011.05.23 03:30:22.499,0.7715,0.77184,2.10,1.50
2011.05.23 03:30:31.900,0.77147,0.77184,1.35,1.50
2011.05.23 03:30:44.950,0.77146,0.77184,3.00,1.50
2011.05.23 03:30:52.180,0.77146,0.77184,1.50,1.50
2011.05.23 03:30:52.291,0.77147,0.77189,1.50,1.50
2011.05.23 03:30:52.754,0.77146,0.77184,1.50,1.50
2011.05.23 03:31:04.509,0.77146,0.77189,1.50,1.50
2011.05.23 03:31:04.749,0.77147,0.77183,1.50,1.50
2011.05.23 03:31:11.709,0.77146,0.77189,1.50,1.50
2011.05.23 03:31:12.294,0.77146,0.77184,1.50,1.50
2011.05.23 03:31:13.533,0.77146,0.77184,1.50,2.25
2011.05.23 03:31:16.960,0.77146,0.77183,1.50,2.10
2011.05.23 03:31:17.220,0.77122,0.77181,1.50,3.75
2011.05.23 03:31:17.329,0.77125,0.77178,1.50,1.50
2011.05.23 03:31:17.439,0.7713,0.77178,2.10,2.10
2011.05.23 03:31:18.482,0.7713,0.77174,2.10,1.50
2011.05.23 03:31:24.583,0.77131,0.77174,1.35,3.00
2011.05.23 03:31:24.911,0.77126,0.77169,1.35,2.10
2011.05.23 03:31:25.242,0.77129,0.77164,2.10,1.50
2011.05.23 03:31:25.763,0.77129,0.77163,2.10,1.50
2011.05.23 03:31:28.404,0.77127,0.77163,2.85,1.50
2011.05.23 03:31:29.482,0.77127,0.77162,1.50,1.35
2011.05.23 03:31:29.592,0.77117,0.77162,1.50,1.35
2011.05.23 03:31:29.812,0.77116,0.77154,2.25,1.50
2011.05.23 03:31:29.921,0.77116,0.77154,1.50,1.50
2011.05.23 03:31:30.962,0.77112,0.77153,1.35,1.50
2011.05.23 03:31:31.181,0.77111,0.77153,1.35,2.10
2011.05.23 03:31:31.291,0.77116,0.77154,1.50,2.10
2011.05.23 03:31:33.661,0.77111,0.77157,1.35,2.48
2011.05.23 03:31:33.771,0.77101,0.77154,1.50,1.13
2011.05.23 03:31:33.992,0.77101,0.77134,1.50,2.10
2011.05.23 03:31:34.102,0.77097,0.77134,1.35,2.10
2011.05.23 03:31:34.321,0.77097,0.77134,1.35,3.60
2011.05.23 03:31:34.543,0.77089,0.77131,1.35,2.10
2011.05.23 03:31:34.982,0.77097,0.77131,1.50,2.10
2011.05.23 03:31:36.481,0.77097,0.77142,1.50,2.85
2011.05.23 03:31:36.941,0.77107,0.77143,1.50,2.10
2011.05.23 03:31:37.743,0.77102,0.77144,1.50,2.10
2011.05.23 03:31:37.852,0.77104,0.77144,1.35,1.50
2011.05.23 03:31:38.993,0.77106,0.77144,2.25,1.50
2011.05.23 03:31:39.873,0.77106,0.77144,2.25,1.50
2011.05.23 03:31:45.207,0.77116,0.77152,1.50,1.35
2011.05.23 03:31:47.712,0.77116,0.77153,1.50,1.35
2011.05.23 03:31:51.293,0.77116,0.77152,1.50,2.10
2011.05.23 03:31:51.896,0.77112,0.77143,1.35,1.50
2011.05.23 03:31:52.004,0.77106,0.77143,1.50,2.85
2011.05.23 03:31:52.221,0.77106,0.77144,1.50,2.25
2011.05.23 03:31:53.644,0.77106,0.77144,1.50,2.25
2011.05.23 03:32:10.972,0.77107,0.77149,1.50,1.35
2011.05.23 03:32:11.273,0.77117,0.77149,1.50,1.35
2011.05.23 03:32:12.591,0.77117,0.77149,1.50,1.35
2011.05.23 03:32:20.821,0.77117,0.77153,1.50,2.10
2011.05.23 03:32:27.433,0.77118,0.77153,2.10,1.50
2011.05.23 03:32:27.541,0.77118,0.77159,2.10,1.35
2011.05.23 03:32:27.762,0.77137,0.77161,1.50,2.10
2011.05.23 03:32:28.364,0.77126,0.77161,1.50,2.10
2011.05.23 03:32:28.741,0.77126,0.77164,1.50,2.10
2011.05.23 03:32:29.291,0.77136,0.77168,1.50,2.10
2011.05.23 03:32:29.401,0.77136,0.77174,1.50,3.00
2011.05.23 03:32:29.512,0.77136,0.77177,1.50,1.35
2011.05.23 03:32:29.621,0.77136,0.77179,1.50,1.35
2011.05.23 03:32:30.061,0.77147,0.77179,1.50,1.35
2011.05.23 03:32:31.154,0.77147,0.77179,1.50,2.85
2011.05.23 03:32:31.474,0.77136,0.77179,2.10,2.10
2011.05.23 03:32:31.801,0.77146,0.77179,1.50,2.10
2011.05.23 03:32:35.072,0.77136,0.77178,2.10,1.35
2011.05.23 03:32:35.572,0.77136,0.77178,2.85,1.35
2011.05.23 03:32:36.338,0.77136,0.77178,2.10,1.35
2011.05.23 03:32:41.058,0.77136,0.77178,1.50,1.35
2011.05.23 03:32:43.053,0.77136,0.77178,1.50,2.10
2011.05.23 03:32:44.483,0.77136,0.77178,1.50,2.10
2011.05.23 03:32:48.002,0.77136,0.77178,1.50,2.10
2011.05.23 03:32:49.612,0.77136,0.77178,1.50,2.10
2011.05.23 03:32:51.523,0.77136,0.77178,1.50,2.10
2011.05.23 03:32:53.286,0.77136,0.77178,1.50,2.10
2011.05.23 03:32:54.605,0.77136,0.77178,1.50,2.10
2011.05.23 03:32:56.695,0.77136,0.77178,1.50,2.10
2011.05.23 03:33:02.827,0.77137,0.77178,1.50,2.10
2011.05.23 03:33:09.663,0.77137,0.77178,1.50,2.10
2011.05.23 03:33:11.532,0.77137,0.77178,1.50,2.10
2011.05.23 03:33:13.955,0.77137,0.77178,1.50,2.10
2011.05.23 03:33:26.054,0.77137,0.77178,1.50,2.10
2011.05.23 03:33:27.043,0.77137,0.77178,1.50,2.10
2011.05.23 03:33:31.662,0.77137,0.77178,1.50,2.10
2011.05.23 03:33:33.071,0.77137,0.77178,1.50,2.10
2011.05.23 03:33:36.821,0.77137,0.77178,1.50,1.35
2011.05.23 03:33:37.573,0.77137,0.77183,2.25,2.25
2011.05.23 03:33:38.513,0.77137,0.77178,2.25,1.50
2011.05.23 03:33:38.752,0.77129,0.77169,2.25,1.35
2011.05.23 03:33:38.971,0.77121,0.77167,1.35,1.35
2011.05.23 03:33:39.191,0.77122,0.77167,1.50,1.35
2011.05.23 03:33:39.301,0.77126,0.77167,1.50,1.35
2011.05.23 03:33:41.691,0.77126,0.77168,2.25,2.10
2011.05.23 03:33:45.048,0.77127,0.7717,1.35,1.35
2011.05.23 03:33:56.851,0.77126,0.77166,2.25,2.10
2011.05.23 03:34:09.913,0.77126,0.77164,1.50,2.85
2011.05.23 03:34:10.508,0.77127,0.77164,1.50,1.35
2011.05.23 03:34:10.832,0.77127,0.77163,1.50,1.50
2011.05.23 03:34:11.732,0.77126,0.77164,1.50,1.35
2011.05.23 03:34:12.790,0.77127,0.77163,1.50,2.25
2011.05.23 03:34:16.022,0.77126,0.77168,1.50,1.35
2011.05.23 03:34:16.303,0.77137,0.77168,1.50,1.35
2011.05.23 03:34:20.796,0.77137,0.77168,1.50,1.35
2011.05.23 03:34:21.012,0.77131,0.77172,2.10,2.10
2011.05.23 03:34:21.253,0.77137,0.77172,1.50,2.10
2011.05.23 03:34:23.105,0.77137,0.77173,1.50,2.10
2011.05.23 03:34:28.821,0.77126,0.77164,2.10,1.50
2011.05.23 03:34:31.651,0.77126,0.77164,2.10,2.25
2011.05.23 03:34:32.932,0.77126,0.77164,2.10,1.50
2011.05.23 03:34:33.151,0.77126,0.77164,1.50,3.60
2011.05.23 03:34:34.653,0.77126,0.77164,1.50,2.10
2011.05.23 03:34:59.865,0.77127,0.77163,1.50,2.10
2011.05.23 03:35:15.242,0.77126,0.77164,1.50,1.35
2011.05.23 03:35:15.973,0.77127,0.77163,1.50,2.10
2011.05.23 03:35:33.943,0.77126,0.77164,1.50,2.85
2011.05.23 03:35:36.648,0.77126,0.77164,1.50,2.25
2011.05.23 03:35:38.772,0.77128,0.77164,2.10,1.50
2011.05.23 03:35:38.992,0.77126,0.77164,1.50,2.10
2011.05.23 03:36:02.492,0.77127,0.77164,1.50,1.35
2011.05.23 03:36:02.943,0.77136,0.77167,1.50,2.10
2011.05.23 03:36:10.043,0.77126,0.77167,2.25,2.10
2011.05.23 03:36:10.607,0.77136,0.77167,1.50,2.10
2011.05.23 03:36:32.825,0.77137,0.77167,1.50,2.10
2011.05.23 03:36:39.201,0.77137,0.77173,1.50,2.25
2011.05.23 03:36:40.182,0.77126,0.77174,2.25,2.25
2011.05.23 03:36:40.512,0.77137,0.77173,1.50,2.25
2011.05.23 03:37:02.954,0.77136,0.77172,1.50,1.35
2011.05.23 03:37:08.138,0.77136,0.77174,1.50,2.10
2011.05.23 03:37:14.324,0.77136,0.77172,1.50,1.35
2011.05.23 03:37:16.032,0.77136,0.77173,1.50,1.35
2011.05.23 03:37:17.903,0.77137,0.77173,1.50,2.85
2011.05.23 03:37:30.033,0.77137,0.77172,1.50,1.35
2011.05.23 03:37:32.752,0.77136,0.77172,1.50,1.35
2011.05.23 03:37:34.943,0.77136,0.77174,1.50,2.85
2011.05.23 03:37:42.614,0.77136,0.77174,1.50,2.25
2011.05.23 03:37:43.742,0.77136,0.77174,1.50,1.50
2011.05.23 03:37:45.833,0.77136,0.77174,1.50,2.25
2011.05.23 03:37:56.943,0.77136,0.77174,1.50,2.25
2011.05.23 03:38:00.022,0.77136,0.77174,1.50,2.25
2011.05.23 03:38:09.592,0.77136,0.77174,1.50,2.25
2011.05.23 03:38:12.562,0.77136,0.77174,1.50,2.25
2011.05.23 03:38:14.322,0.77136,0.77174,1.50,2.25
2011.05.23 03:38:17.232,0.77136,0.77174,1.50,2.25
2011.05.23 03:38:17.932,0.77136,0.77174,1.50,2.25
2011.05.23 03:38:19.550,0.77136,0.77174,1.50,2.25
2011.05.23 03:38:28.014,0.77136,0.77174,1.50,2.25
2011.05.23 03:38:29.333,0.77136,0.77174,1.50,2.25
2011.05.23 03:38:31.312,0.77136,0.77174,1.50,2.25
2011.05.23 03:38:32.892,0.77137,0.77173,1.50,2.25
2011.05.23 03:38:33.411,0.77137,0.77173,1.50,2.25
2011.05.23 03:38:36.585,0.77127,0.77173,1.50,2.25
2011.05.23 03:38:36.691,0.77136,0.77174,1.50,2.25
2011.05.23 03:38:42.001,0.77136,0.77174,1.50,2.25
2011.05.23 03:38:44.849,0.77136,0.77174,1.50,2.25
2011.05.23 03:38:46.279,0.77136,0.77174,1.50,2.25
2011.05.23 03:38:46.642,0.77126,0.77174,1.50,2.25
2011.05.23 03:38:47.011,0.77136,0.77174,1.50,2.25
2011.05.23 03:38:52.331,0.77136,0.77174,1.50,2.25
2011.05.23 03:39:01.752,0.77127,0.77169,1.50,1.50
2011.05.23 03:39:02.045,0.77126,0.77164,1.50,1.50
2011.05.23 03:39:08.242,0.77127,0.77163,1.50,1.35
2011.05.23 03:39:26.903,0.77126,0.77164,1.50,3.60
2011.05.23 03:39:38.146,0.7712,0.77164,1.35,2.85
2011.05.23 03:39:38.253,0.77116,0.77161,2.25,2.10
2011.05.23 03:39:38.563,0.77116,0.77154,2.25,1.50
2011.05.23 03:39:39.543,0.77116,0.77154,2.25,1.50
2011.05.23 03:39:43.188,0.77116,0.77153,2.25,2.10
2011.05.23 03:39:47.580,0.77116,0.77154,2.25,1.50
2011.05.23 03:39:56.933,0.77117,0.77153,2.25,1.50
2011.05.23 03:40:09.032,0.77081,0.77129,2.25,2.63
2011.05.23 03:40:12.223,0.7709,0.77138,2.25,3.38
2011.05.23 03:40:14.703,0.77091,0.77139,2.25,2.63
2011.05.23 03:40:15.297,0.77079,0.77132,2.25,2.25
2011.05.23 03:40:20.754,0.77077,0.77123,2.25,3.38
2011.05.23 03:40:24.546,0.77078,0.77124,2.25,2.25
2011.05.23 03:40:25.265,0.77082,0.77128,2.25,2.25
2011.05.23 03:40:41.067,0.77085,0.77131,2.25,2.25
2011.05.23 03:40:43.284,0.77086,0.77132,2.25,2.25
2011.05.23 03:40:57.976,0.77085,0.77131,2.25,2.63
2011.05.23 03:41:25.763,0.77108,0.77153,2.10,2.10
2011.05.23 03:41:26.093,0.77116,0.77154,1.50,2.85
2011.05.23 03:41:26.862,0.77107,0.77151,1.50,1.35
2011.05.23 03:41:27.143,0.77106,0.77144,1.50,1.50
2011.05.23 03:41:28.072,0.77116,0.77153,1.50,1.35
2011.05.23 03:41:32.623,0.77116,0.77151,1.50,1.35
2011.05.23 03:41:35.873,0.77116,0.77154,1.50,2.10
2011.05.23 03:41:35.982,0.77117,0.77158,1.50,1.35
2011.05.23 03:41:36.273,0.77117,0.77153,1.50,1.50
2011.05.23 03:41:49.512,0.77117,0.77163,2.85,2.85
2011.05.23 03:41:49.841,0.77127,0.77163,1.50,2.85
2011.05.23 03:41:50.613,0.77117,0.77153,2.85,1.50
2011.05.23 03:42:02.472,0.77116,0.77153,1.35,2.10
2011.05.23 03:42:02.692,0.77117,0.77159,2.10,2.85
2011.05.23 03:42:03.576,0.77116,0.77154,2.10,2.85
2011.05.23 03:42:04.262,0.77116,0.77154,1.50,2.10
2011.05.23 03:42:05.625,0.77116,0.77154,1.50,3.60
2011.05.23 03:42:22.836,0.77117,0.77153,1.50,2.25
2011.05.23 03:42:26.613,0.77117,0.77153,1.50,1.50
2011.05.23 03:42:28.482,0.77116,0.77158,2.10,1.35
2011.05.23 03:42:29.042,0.77117,0.77153,2.10,1.50
2011.05.23 03:42:57.962,0.77108,0.77153,1.35,2.10
2011.05.23 03:42:58.071,0.77108,0.77153,1.35,2.10
2011.05.23 03:42:58.474,0.77117,0.77152,1.50,1.35
2011.05.23 03:43:06.542,0.77107,0.77149,1.50,1.35
2011.05.23 03:43:06.652,0.77107,0.77143,1.50,1.50
2011.05.23 03:43:16.042,0.771,0.77144,1.35,2.25
2011.05.23 03:43:16.591,0.77106,0.77144,1.50,1.50
2011.05.23 03:43:20.924,0.77106,0.77144,1.50,2.25
2011.05.23 03:43:21.032,0.77099,0.77143,1.35,2.25
2011.05.23 03:43:21.362,0.771,0.77143,1.35,1.50
2011.05.23 03:43:21.581,0.77106,0.77154,2.25,2.85
2011.05.23 03:43:21.801,0.77117,0.77153,1.50,2.10
2011.05.23 03:43:23.787,0.77117,0.77149,1.50,1.35
2011.05.23 03:43:29.252,0.77116,0.77157,1.50,2.10
2011.05.23 03:43:29.472,0.77116,0.77157,1.50,1.35
2011.05.23 03:43:29.911,0.77116,0.77164,1.50,3.00
2011.05.23 03:43:30.022,0.77126,0.77164,1.50,3.00
2011.05.23 03:43:32.533,0.77126,0.77164,1.50,2.25
2011.05.23 03:43:35.553,0.77126,0.77164,1.50,2.25
2011.05.23 03:43:36.262,0.77117,0.77163,1.50,1.50
2011.05.23 03:43:36.372,0.77117,0.77162,1.50,2.10
2011.05.23 03:43:37.378,0.77127,0.77162,1.50,2.10
2011.05.23 03:43:45.374,0.77117,0.77158,2.25,1.35
2011.05.23 03:43:45.803,0.77116,0.77154,2.10,1.50
2011.05.23 03:43:46.593,0.77116,0.77154,2.10,2.25
2011.05.23 03:43:47.213,0.77108,0.77148,2.85,2.10
2011.05.23 03:43:47.651,0.77116,0.77148,1.50,2.10
2011.05.23 03:43:47.763,0.77114,0.77154,2.10,2.85
2011.05.23 03:43:55.552,0.77126,0.77156,1.50,2.10
2011.05.23 03:43:55.772,0.77117,0.77156,1.50,2.10
2011.05.23 03:43:56.513,0.77127,0.77156,1.50,2.10
2011.05.23 03:44:03.022,0.77127,0.77173,1.50,2.85
2011.05.23 03:44:03.293,0.77137,0.77173,1.50,2.85
2011.05.23 03:44:20.894,0.77136,0.77173,1.50,1.35
2011.05.23 03:44:25.752,0.77131,0.77174,1.50,3.60
2011.05.23 03:44:25.862,0.77131,0.77174,2.10,1.50
2011.05.23 03:44:26.082,0.77137,0.77173,1.50,1.50
2011.05.23 03:44:39.243,0.7714,0.77183,2.10,2.25
2011.05.23 03:44:39.565,0.77147,0.77183,1.50,1.50
2011.05.23 03:44:40.512,0.77147,0.77178,1.50,2.10
2011.05.23 03:44:40.742,0.77137,0.77181,1.50,1.35
2011.05.23 03:44:41.913,0.77137,0.7718,1.50,1.35
2011.05.23 03:44:42.582,0.77136,0.77174,1.50,1.50
2011.05.23 03:44:43.064,0.77136,0.77174,2.25,1.50
2011.05.23 03:44:43.744,0.77136,0.77174,1.50,1.50
2011.05.23 03:44:44.151,0.77136,0.77174,2.25,1.50
2011.05.23 03:44:44.402,0.77136,0.77174,1.50,1.50
2011.05.23 03:44:54.546,0.77136,0.77169,1.50,2.10
2011.05.23 03:44:54.773,0.77127,0.77164,1.50,1.35
2011.05.23 03:44:55.843,0.77126,0.77164,1.50,2.85
2011.05.23 03:44:57.603,0.77126,0.77162,1.50,1.50
2011.05.23 03:45:04.753,0.77126,0.77152,1.50,2.10
2011.05.23 03:45:04.863,0.77117,0.77151,1.50,1.35
2011.05.23 03:45:16.742,0.77117,0.77148,1.50,1.35
2011.05.23 03:45:16.852,0.77107,0.77148,1.50,2.10
2011.05.23 03:45:19.604,0.77107,0.77143,1.50,3.60
2011.05.23 03:45:23.612,0.77107,0.77143,1.50,2.85
2011.05.23 03:45:26.786,0.77107,0.77143,1.50,2.10
2011.05.23 03:45:28.494,0.77107,0.77143,1.50,2.25
2011.05.23 03:45:28.612,0.77066,0.77133,1.50,4.13
2011.05.23 03:45:28.833,0.77075,0.77134,3.00,2.25
2011.05.23 03:45:28.942,0.77075,0.77134,2.25,3.00
2011.05.23 03:45:29.052,0.77084,0.77131,2.10,2.10
2011.05.23 03:45:33.254,0.77092,0.77139,1.35,2.25
2011.05.23 03:45:33.362,0.77093,0.77144,2.85,3.00
2011.05.23 03:45:33.472,0.77092,0.77142,1.35,3.38
2011.05.23 03:45:33.582,0.77086,0.77138,2.25,1.35
2011.05.23 03:45:33.692,0.77086,0.77135,2.25,1.35
2011.05.23 03:45:34.936,0.77095,0.77134,2.10,1.50
2011.05.23 03:45:35.962,0.77093,0.77134,3.00,2.10
2011.05.23 03:45:36.071,0.77087,0.77134,1.50,2.10
2011.05.23 03:45:36.292,0.77097,0.77133,1.50,2.10
2011.05.23 03:45:36.512,0.77087,0.77133,1.50,2.10
2011.05.23 03:45:36.764,0.77087,0.77131,1.50,1.35
2011.05.23 03:45:38.577,0.77087,0.7713,1.50,1.50
2011.05.23 03:45:39.124,0.77087,0.77128,1.50,1.50
2011.05.23 03:45:39.984,0.77087,0.77123,1.50,2.85
2011.05.23 03:45:40.883,0.77087,0.77122,1.50,1.35
2011.05.23 03:45:40.993,0.77071,0.77103,2.25,2.10
2011.05.23 03:45:41.103,0.77072,0.77112,2.10,1.13
2011.05.23 03:45:41.213,0.77072,0.77113,2.10,1.50
2011.05.23 03:45:41.322,0.77077,0.77113,2.10,1.50
2011.05.23 03:45:41.542,0.77077,0.7712,3.60,1.35
2011.05.23 03:45:44.734,0.77077,0.7712,3.60,1.35
2011.05.23 03:45:46.493,0.77077,0.7712,3.60,1.35
2011.05.23 03:45:52.082,0.77097,0.77133,1.50,1.50
2011.05.23 03:45:52.303,0.77097,0.77133,1.50,4.35
2011.05.23 03:46:02.222,0.77097,0.77124,1.50,2.10
2011.05.23 03:46:02.552,0.77087,0.77123,1.50,2.10
2011.05.23 03:46:04.414,0.77087,0.77113,1.50,2.10
2011.05.23 03:46:04.529,0.77076,0.77113,1.50,2.10
2011.05.23 03:46:05.193,0.77084,0.77124,2.10,2.48
2011.05.23 03:46:05.303,0.77084,0.77114,2.10,1.50
2011.05.23 03:46:05.523,0.77076,0.77114,1.50,3.60
2011.05.23 03:46:06.263,0.77077,0.77113,1.50,2.10
2011.05.23 03:46:07.912,0.77076,0.77114,1.50,2.10
2011.05.23 03:46:08.134,0.77076,0.77118,2.10,1.35
2011.05.23 03:46:08.242,0.77086,0.77118,1.50,1.35
2011.05.23 03:46:19.673,0.77086,0.77121,1.88,2.10
2011.05.23 03:46:19.781,0.77087,0.77136,1.13,2.25
2011.05.23 03:46:20.001,0.77094,0.77137,2.10,2.10
2011.05.23 03:46:21.474,0.77107,0.77148,1.50,1.35
2011.05.23 03:46:21.914,0.77107,0.77145,1.50,1.35
2011.05.23 03:46:22.023,0.77094,0.77142,1.35,2.48
2011.05.23 03:46:22.244,0.77086,0.77126,1.50,2.10
2011.05.23 03:46:22.572,0.77076,0.77114,1.50,1.50
2011.05.23 03:46:24.514,0.77089,0.77124,2.10,1.50
2011.05.23 03:46:24.623,0.77089,0.7713,2.10,2.48
2011.05.23 03:46:24.842,0.77087,0.77113,1.50,2.10
2011.05.23 03:46:24.964,0.77076,0.77113,2.10,2.10
2011.05.23 03:46:28.042,0.77081,0.77123,2.10,2.10
2011.05.23 03:46:28.263,0.77087,0.77123,1.50,3.60
2011.05.23 03:46:29.583,0.77082,0.77123,1.35,1.50
2011.05.23 03:46:30.583,0.77087,0.77123,1.50,1.50
2011.05.23 03:46:51.823,0.77097,0.77127,1.50,1.35
2011.05.23 03:46:59.842,0.77086,0.77124,2.10,2.25
2011.05.23 03:47:00.172,0.77086,0.77124,1.50,2.10
2011.05.23 03:47:03.905,0.77086,0.77121,1.50,1.35
2011.05.23 03:47:04.232,0.77076,0.77111,1.50,2.10
2011.05.23 03:47:04.782,0.77077,0.77111,1.50,2.10
2011.05.23 03:47:23.552,0.77077,0.77114,1.50,1.35
2011.05.23 03:47:24.143,0.77086,0.77119,1.50,2.85
2011.05.23 03:47:24.773,0.77087,0.77128,1.50,1.35
2011.05.23 03:47:24.993,0.77087,0.77129,1.50,1.35
2011.05.23 03:47:26.422,0.77087,0.77133,2.25,2.10
2011.05.23 03:47:26.752,0.77088,0.77133,2.85,2.10
2011.05.23 03:47:28.513,0.77087,0.7713,2.10,1.35
2011.05.23 03:47:32.712,0.77087,0.7713,2.10,1.35
2011.05.23 03:47:35.603,0.77087,0.7713,2.10,1.35
2011.05.23 03:47:55.242,0.77088,0.77133,2.10,2.85
2011.05.23 03:47:55.572,0.77096,0.77138,1.50,2.10
2011.05.23 03:47:58.396,0.77096,0.77144,1.50,2.85
2011.05.23 03:48:00.462,0.77087,0.77144,3.60,2.85
2011.05.23 03:48:01.109,0.77097,0.77143,1.50,2.25
2011.05.23 03:48:20.363,0.77097,0.77143,1.50,1.50
2011.05.23 03:48:27.602,0.77097,0.77131,1.50,2.25
2011.05.23 03:48:27.822,0.77077,0.77129,1.50,3.23
2011.05.23 03:48:27.933,0.77077,0.77122,1.50,1.35
2011.05.23 03:48:28.624,0.77077,0.77123,1.50,2.10
2011.05.23 03:48:30.586,0.77077,0.77122,1.50,1.35
2011.05.23 03:48:33.243,0.77077,0.7712,1.50,1.50
2011.05.23 03:48:34.613,0.77077,0.77121,1.50,2.10
2011.05.23 03:48:35.292,0.77077,0.77121,1.50,1.50
2011.05.23 03:48:36.123,0.77077,0.77119,1.50,1.13
2011.05.23 03:48:36.234,0.7707,0.77115,3.00,1.13
2011.05.23 03:48:36.344,0.7707,0.77114,2.25,1.50
2011.05.23 03:48:36.454,0.77067,0.77113,1.50,1.50
2011.05.23 03:48:37.394,0.77066,0.77113,1.50,1.50
2011.05.23 03:48:37.723,0.77066,0.77114,1.50,2.25
2011.05.23 03:48:38.052,0.77066,0.77114,2.10,1.50
2011.05.23 03:48:38.714,0.77067,0.77114,3.00,1.50
2011.05.23 03:48:39.622,0.77067,0.77114,3.75,2.25
2011.05.23 03:48:40.584,0.77068,0.77114,1.50,2.25
2011.05.23 03:48:42.223,0.77075,0.77114,2.10,1.50
2011.05.23 03:48:42.553,0.77075,0.77102,2.25,2.10
2011.05.23 03:48:42.663,0.77066,0.77102,2.10,2.10
2011.05.23 03:48:42.773,0.77066,0.771,2.10,2.10
2011.05.23 03:48:45.222,0.77071,0.77104,2.10,2.10
2011.05.23 03:48:45.664,0.77069,0.77105,2.10,2.10
2011.05.23 03:48:45.992,0.77073,0.77109,2.10,2.85
2011.05.23 03:48:46.367,0.77077,0.77109,1.50,1.35
2011.05.23 03:48:46.474,0.7707,0.77113,2.10,2.85
2011.05.23 03:48:46.852,0.77077,0.77113,1.50,4.35
2011.05.23 03:48:49.313,0.77077,0.77113,2.10,1.50
2011.05.23 03:48:49.754,0.77067,0.77103,1.50,2.10
2011.05.23 03:48:50.244,0.77068,0.77111,2.10,2.85
2011.05.23 03:48:50.734,0.77068,0.77104,2.10,1.50
2011.05.23 03:48:52.413,0.77074,0.77104,2.10,1.50
2011.05.23 03:48:52.524,0.77074,0.77114,2.10,2.10
2011.05.23 03:48:53.543,0.77076,0.77111,1.50,2.10
2011.05.23 03:48:53.763,0.77068,0.77111,2.10,2.10
2011.05.23 03:48:53.944,0.77066,0.77109,1.50,2.10
2011.05.23 03:48:54.272,0.77059,0.77104,2.85,2.10
2011.05.23 03:48:56.633,0.77059,0.77104,2.10,2.85
2011.05.23 03:48:59.554,0.77057,0.77104,2.10,2.25
2011.05.23 03:48:59.663,0.77057,0.77104,1.35,2.25
2011.05.23 03:49:01.440,0.77057,0.77104,1.35,2.25
2011.05.23 03:49:03.815,0.77057,0.77093,1.50,1.50
2011.05.23 03:49:04.034,0.77056,0.77104,2.85,2.85
2011.05.23 03:49:04.953,0.77056,0.77104,2.85,2.85
2011.05.23 03:49:05.272,0.77056,0.77103,2.85,1.35
2011.05.23 03:49:05.823,0.77056,0.77102,2.10,1.50
2011.05.23 03:49:06.154,0.77056,0.77094,2.10,1.50
2011.05.23 03:49:07.644,0.77056,0.77094,2.10,2.25
2011.05.23 03:49:08.587,0.77056,0.77094,2.10,2.25
2011.05.23 03:49:11.622,0.77056,0.77088,2.10,1.50
2011.05.23 03:49:11.733,0.77047,0.77088,1.50,1.50
2011.05.23 03:49:11.844,0.77043,0.77083,2.25,1.13
2011.05.23 03:49:11.953,0.77036,0.77083,2.10,3.38
2011.05.23 03:49:12.063,0.77036,0.77074,1.50,2.10
2011.05.23 03:49:12.613,0.77037,0.77073,1.50,1.50
2011.05.23 03:49:14.293,0.77037,0.77073,2.10,1.50
2011.05.23 03:49:17.763,0.77028,0.77066,2.25,2.10
2011.05.23 03:49:17.872,0.77026,0.77066,1.50,2.10
2011.05.23 03:49:18.095,0.77026,0.77062,1.50,1.35
2011.05.23 03:49:18.203,0.77016,0.77062,1.35,1.35
2011.05.23 03:49:18.312,0.76952,0.77064,1.50,2.25
2011.05.23 03:49:18.421,0.76952,0.77064,1.50,2.25
2011.05.23 03:49:18.863,0.76971,0.77064,1.50,2.25
2011.05.23 03:49:19.192,0.76988,0.77064,1.35,2.25
2011.05.23 03:49:19.303,0.77006,0.77064,2.25,3.00
2011.05.23 03:49:19.522,0.77016,0.77064,1.50,2.25
2011.05.23 03:49:19.903,0.77027,0.77091,3.75,3.75
2011.05.23 03:49:20.343,0.77036,0.77091,1.50,1.50
2011.05.23 03:49:21.614,0.77036,0.77091,1.50,1.50
2011.05.23 03:49:22.604,0.77036,0.77091,1.50,1.50
2011.05.23 03:49:23.434,0.77037,0.77083,1.50,3.00
2011.05.23 03:49:24.713,0.77037,0.7708,1.50,1.50
2011.05.23 03:49:35.302,0.77037,0.77083,2.25,2.25
2011.05.23 03:49:36.634,0.77037,0.77083,1.50,2.25
2011.05.23 03:49:40.916,0.77036,0.77084,3.00,2.25
2011.05.23 03:49:41.235,0.77036,0.77084,2.25,2.25
2011.05.23 03:49:44.119,0.77036,0.77084,3.00,2.25
2011.05.23 03:49:44.779,0.77036,0.77084,2.25,2.25
2011.05.23 03:49:48.033,0.77037,0.77083,1.50,2.25
2011.05.23 03:49:48.390,0.77047,0.77083,1.50,2.25
2011.05.23 03:49:51.723,0.77047,0.77089,1.50,1.35
2011.05.23 03:49:56.443,0.77037,0.77083,2.25,1.50
2011.05.23 03:49:56.664,0.77037,0.77083,1.50,2.25
2011.05.23 03:49:59.551,0.77037,0.77083,1.50,2.25
2011.05.23 03:50:00.540,0.77037,0.77083,1.50,2.25
2011.05.23 03:50:11.592,0.77037,0.77073,1.50,1.50
2011.05.23 03:50:15.157,0.77037,0.77073,2.10,1.50
2011.05.23 03:50:15.265,0.77036,0.77083,2.10,1.50
2011.05.23 03:50:15.633,0.77037,0.77089,2.85,1.35
2011.05.23 03:50:15.742,0.77037,0.77092,2.85,1.50
2011.05.23 03:50:16.080,0.77046,0.77092,1.50,1.50
2011.05.23 03:50:16.473,0.77046,0.77094,1.50,3.00
2011.05.23 03:50:16.873,0.77056,0.77099,1.50,1.35
2011.05.23 03:50:17.141,0.77056,0.77102,1.50,1.50
2011.05.23 03:50:18.634,0.77056,0.77102,1.50,1.50
2011.05.23 03:50:19.592,0.77057,0.77093,1.50,2.25
2011.05.23 03:50:20.614,0.77057,0.77093,1.50,2.25
2011.05.23 03:50:22.105,0.77057,0.77093,1.50,1.50
2011.05.23 03:50:22.213,0.77047,0.77093,2.10,1.50
2011.05.23 03:50:22.823,0.77056,0.77094,1.50,2.25
2011.05.23 03:50:41.804,0.77057,0.77093,1.50,1.50
2011.05.23 03:50:43.605,0.77057,0.77093,1.50,2.25
2011.05.23 03:50:49.534,0.77046,0.77089,1.50,1.35
2011.05.23 03:50:50.530,0.77046,0.77089,1.50,1.35
2011.05.23 03:50:53.584,0.77046,0.77089,1.50,1.35
2011.05.23 03:50:54.022,0.77056,0.77094,1.50,2.25
2011.05.23 03:50:54.843,0.77047,0.77093,1.50,2.85
2011.05.23 03:50:55.294,0.77056,0.77093,1.50,1.35
2011.05.23 03:50:58.644,0.77056,0.77092,1.50,1.50
2011.05.23 03:50:58.753,0.77046,0.77087,1.50,2.48
2011.05.23 03:50:58.973,0.77036,0.7708,1.50,1.35
2011.05.23 03:50:59.323,0.77037,0.77073,1.50,1.50
2011.05.23 03:51:02.544,0.77037,0.77083,1.50,1.35
2011.05.23 03:51:02.984,0.77037,0.7708,1.50,1.35
2011.05.23 03:51:04.514,0.77036,0.7708,1.50,1.35
2011.05.23 03:51:05.126,0.77036,0.7708,1.50,1.35
2011.05.23 03:51:08.743,0.77026,0.77083,2.25,3.00
2011.05.23 03:51:08.869,0.77026,0.77083,2.25,3.00
2011.05.23 03:51:09.264,0.77037,0.77083,1.50,2.25
2011.05.23 03:51:10.574,0.77037,0.77083,1.50,2.25
2011.05.23 03:51:22.564,0.77037,0.77073,1.50,2.25
2011.05.23 03:51:34.615,0.77037,0.77073,1.50,1.50
2011.05.23 03:51:34.723,0.77036,0.77084,1.50,2.25
2011.05.23 03:51:34.832,0.77036,0.77084,2.10,2.25
2011.05.23 03:51:35.162,0.77036,0.77084,2.10,2.25
2011.05.23 03:51:36.594,0.77036,0.77084,2.10,2.25
2011.05.23 03:51:37.242,0.77036,0.77084,2.10,2.25
2011.05.23 03:51:37.463,0.77036,0.77084,2.10,2.25
2011.05.23 03:51:37.776,0.77046,0.77087,1.50,1.35
2011.05.23 03:51:41.213,0.77037,0.77083,2.85,2.25
2011.05.23 03:51:42.222,0.77037,0.77079,2.10,1.35
2011.05.23 03:51:45.473,0.77037,0.77083,2.10,2.25
2011.05.23 03:51:45.803,0.77036,0.77089,3.23,1.35
2011.05.23 03:51:45.913,0.77047,0.77089,1.50,1.35
2011.05.23 03:51:46.973,0.77047,0.77083,1.50,2.10
2011.05.23 03:51:47.083,0.77036,0.77083,2.85,2.10
2011.05.23 03:51:49.243,0.77036,0.77078,1.50,1.35
2011.05.23 03:51:52.203,0.77026,0.77068,2.85,1.35
2011.05.23 03:51:53.193,0.77026,0.77068,2.85,1.35
2011.05.23 03:51:54.643,0.77026,0.77072,2.85,1.35
2011.05.23 03:51:54.754,0.77027,0.77073,2.25,1.35
2011.05.23 03:51:54.863,0.77027,0.77073,3.00,1.35
2011.05.23 03:51:56.434,0.77027,0.77073,3.00,1.35
2011.05.23 03:52:01.068,0.77027,0.77073,2.25,1.35
2011.05.23 03:52:02.394,0.77027,0.77079,2.25,1.50
2011.05.23 03:52:06.633,0.77027,0.77083,2.25,5.85
2011.05.23 03:52:06.743,0.77017,0.77068,1.50,1.88
2011.05.23 03:52:06.916,0.77017,0.77064,1.50,1.35
2011.05.23 03:52:08.344,0.77017,0.7706,2.25,1.35
2011.05.23 03:52:08.455,0.77017,0.77059,1.50,1.88
2011.05.23 03:52:08.563,0.77008,0.77054,1.35,1.35
2011.05.23 03:52:09.605,0.77008,0.77051,1.35,1.35
2011.05.23 03:52:10.094,0.77008,0.77051,1.35,1.35
2011.05.23 03:52:10.596,0.77008,0.77051,1.35,1.35
2011.05.23 03:52:13.064,0.77008,0.77051,1.35,1.35
2011.05.23 03:52:16.607,0.77012,0.77053,1.50,2.10
2011.05.23 03:52:16.714,0.77022,0.77058,1.35,2.25
2011.05.23 03:52:16.823,0.77022,0.77064,1.35,2.25
2011.05.23 03:52:17.153,0.77016,0.77064,2.85,2.85
2011.05.23 03:52:17.585,0.77016,0.77062,2.85,1.35
2011.05.23 03:52:17.904,0.77016,0.77062,2.85,1.35
2011.05.23 03:52:19.398,0.77017,0.77064,1.50,2.10
2011.05.23 03:52:19.506,0.77027,0.7707,1.35,3.00
2011.05.23 03:52:21.424,0.77026,0.77073,2.85,1.50
2011.05.23 03:52:21.753,0.77029,0.77074,1.35,2.25
2011.05.23 03:52:23.138,0.77026,0.77073,2.10,1.50
2011.05.23 03:52:23.575,0.77026,0.77071,2.85,1.50
2011.05.23 03:52:24.945,0.77026,0.77069,1.50,2.85
2011.05.23 03:52:25.283,0.77017,0.77064,1.35,3.60
2011.05.23 03:52:25.496,0.77016,0.77063,2.10,1.50
2011.05.23 03:52:25.833,0.77016,0.77054,1.50,2.85
2011.05.23 03:52:25.964,0.77007,0.77054,2.10,4.35
2011.05.23 03:52:26.073,0.77007,0.77054,2.10,2.25
2011.05.23 03:52:26.293,0.77016,0.77055,1.50,1.35
2011.05.23 03:52:26.734,0.77006,0.77054,3.60,2.25
2011.05.23 03:52:26.843,0.77006,0.77054,2.85,3.00
2011.05.23 03:52:28.527,0.77007,0.77052,1.35,1.50
2011.05.23 03:52:30.954,0.77008,0.77054,1.35,2.25
2011.05.23 03:52:31.173,0.77016,0.77054,1.50,2.25
2011.05.23 03:52:31.544,0.77016,0.77058,1.50,2.10
2011.05.23 03:52:34.013,0.77026,0.7707,1.50,3.00
2011.05.23 03:52:34.233,0.77026,0.77074,2.25,1.50
2011.05.23 03:52:34.783,0.77026,0.77074,1.50,1.50
2011.05.23 03:52:35.607,0.77027,0.77073,1.50,1.50
2011.05.23 03:52:35.822,0.77027,0.77073,2.10,1.50
2011.05.23 03:52:36.603,0.77036,0.77077,1.50,1.35
2011.05.23 03:52:37.166,0.77037,0.77078,2.10,1.50
2011.05.23 03:52:37.705,0.77037,0.77079,2.10,2.10
2011.05.23 03:52:40.512,0.77037,0.77083,2.85,2.85
2011.05.23 03:52:40.842,0.77047,0.77083,1.50,2.85
2011.05.23 03:52:42.544,0.77047,0.77079,1.50,1.35
2011.05.23 03:52:45.154,0.77047,0.77083,2.10,2.25
2011.05.23 03:52:45.263,0.77047,0.77089,2.10,2.10
2011.05.23 03:52:46.273,0.77047,0.7709,2.10,1.35
2011.05.23 03:52:52.414,0.77047,0.77093,1.50,1.50
2011.05.23 03:52:58.326,0.77047,0.77093,1.50,2.25
2011.05.23 03:52:59.595,0.77047,0.77091,1.50,1.50
2011.05.23 03:53:17.767,0.77046,0.77089,1.50,1.50
2011.05.23 03:53:21.135,0.77046,0.77089,1.50,1.50
2011.05.23 03:53:21.756,0.77046,0.77089,1.50,1.50
2011.05.23 03:53:23.573,0.77046,0.77087,1.50,1.50
2011.05.23 03:53:25.993,0.77046,0.77081,1.50,1.35
2011.05.23 03:53:26.103,0.77036,0.77081,1.50,1.35
2011.05.23 03:53:26.618,0.77036,0.77081,2.25,1.35
2011.05.23 03:53:27.053,0.77046,0.77086,1.50,1.50
2011.05.23 03:53:41.134,0.77046,0.77088,1.50,1.50
2011.05.23 03:53:41.243,0.77046,0.77089,1.50,1.35
2011.05.23 03:53:41.502,0.77046,0.77089,1.50,1.35
2011.05.23 03:53:42.565,0.77046,0.77087,1.50,1.50
2011.05.23 03:53:43.884,0.77046,0.77087,1.50,1.50
2011.05.23 03:53:44.435,0.77036,0.7708,1.50,2.10
2011.05.23 03:53:45.593,0.77036,0.7708,2.25,2.10
2011.05.23 03:53:48.396,0.77046,0.7708,1.50,2.10
2011.05.23 03:53:54.085,0.77046,0.77078,1.50,1.50
2011.05.23 03:53:54.634,0.77046,0.7708,1.50,2.10
2011.05.23 03:54:01.374,0.77046,0.7708,1.50,1.35
2011.05.23 03:54:01.483,0.7704,0.77083,2.10,1.50
2011.05.23 03:54:01.812,0.77047,0.77083,1.50,1.50
2011.05.23 03:54:02.586,0.77047,0.77084,1.50,1.35
2011.05.23 03:54:06.014,0.77047,0.7709,1.50,1.50
2011.05.23 03:54:06.233,0.77057,0.7709,1.50,1.50
2011.05.23 03:54:07.604,0.77057,0.7709,1.50,1.50
2011.05.23 03:54:14.167,0.77057,0.77082,1.50,2.10
2011.05.23 03:54:14.273,0.77046,0.77082,1.50,2.10
2011.05.23 03:54:14.934,0.77042,0.77082,1.35,2.10
2011.05.23 03:54:15.044,0.77037,0.77081,1.35,1.35
2011.05.23 03:54:15.538,0.77046,0.77081,1.50,1.35
2011.05.23 03:54:24.773,0.77044,0.77083,2.10,5.10
2011.05.23 03:54:30.204,0.77056,0.77083,1.50,2.10
2011.05.23 03:54:33.434,0.77056,0.77088,1.50,1.35
2011.05.23 03:54:36.243,0.77056,0.77091,3.60,2.10
2011.05.23 03:54:37.233,0.77057,0.77093,1.50,2.10
2011.05.23 03:54:37.893,0.77056,0.77094,1.50,3.60
2011.05.23 03:54:38.605,0.77056,0.77094,2.25,3.60
2011.05.23 03:54:38.713,0.77059,0.77094,1.35,2.10
2011.05.23 03:54:43.283,0.77059,0.77093,2.10,2.10
2011.05.23 03:54:44.983,0.77062,0.77094,2.10,1.50
2011.05.23 03:54:45.093,0.77061,0.77094,1.35,2.10
2011.05.23 03:54:47.425,0.77061,0.77094,1.35,2.10
2011.05.23 03:54:47.973,0.77056,0.7709,2.10,2.10
2011.05.23 03:54:49.223,0.77062,0.77094,2.10,1.50
2011.05.23 03:54:50.254,0.77062,0.77093,2.10,1.50
2011.05.23 03:54:50.503,0.77057,0.77091,2.10,2.10
2011.05.23 03:54:51.663,0.77062,0.77093,1.35,2.10
2011.05.23 03:54:51.993,0.77058,0.77093,1.35,2.10
2011.05.23 03:54:52.102,0.77057,0.77093,2.85,2.10
2011.05.23 03:54:59.685,0.77061,0.77093,2.10,2.10
2011.05.23 03:55:00.014,0.77057,0.77089,2.10,2.10
2011.05.23 03:55:00.676,0.77061,0.77093,2.10,1.50
2011.05.23 03:55:01.043,0.77067,0.77099,1.50,2.10
2011.05.23 03:55:03.313,0.77057,0.77096,2.10,2.10
2011.05.23 03:55:03.755,0.77056,0.77094,3.00,1.50
2011.05.23 03:55:04.033,0.77057,0.77103,1.50,2.10
2011.05.23 03:55:04.253,0.77057,0.77103,2.25,2.10
2011.05.23 03:55:05.057,0.77066,0.77104,1.50,2.85
2011.05.23 03:55:05.693,0.77066,0.77104,1.50,2.10
2011.05.23 03:55:11.584,0.77066,0.77104,2.85,2.10
2011.05.23 03:55:13.545,0.77066,0.77103,1.50,2.10
2011.05.23 03:55:21.763,0.77066,0.77104,1.50,1.50
2011.05.23 03:55:23.156,0.77067,0.77103,1.50,1.50
2011.05.23 03:55:28.316,0.77067,0.77102,1.50,2.10
2011.05.23 03:55:35.576,0.77067,0.77103,1.50,2.25
2011.05.23 03:55:35.794,0.77067,0.77103,1.50,1.50
2011.05.23 03:55:40.876,0.77067,0.77103,1.88,1.50
2011.05.23 03:55:41.093,0.77076,0.77128,2.25,1.50
2011.05.23 03:55:41.313,0.77076,0.77124,2.25,2.25
2011.05.23 03:55:41.612,0.77086,0.77124,1.50,2.25
2011.05.23 03:55:42.548,0.77086,0.77124,1.50,3.00
2011.05.23 03:55:44.513,0.77086,0.77124,1.50,3.00
2011.05.23 03:55:48.144,0.77086,0.77124,1.50,3.00
2011.05.23 03:55:53.834,0.77087,0.77126,1.50,1.35
2011.05.23 03:55:54.053,0.77076,0.77122,2.25,1.73
2011.05.23 03:55:54.273,0.77071,0.77113,1.35,1.50
2011.05.23 03:55:57.035,0.77077,0.77113,1.50,1.50
2011.05.23 03:55:58.904,0.77077,0.77119,1.50,1.50
2011.05.23 03:55:59.013,0.77077,0.77122,1.50,1.35
2011.05.23 03:55:59.235,0.77086,0.77122,1.50,1.35
2011.05.23 03:55:59.664,0.77086,0.77124,1.50,3.00
2011.05.23 03:56:00.368,0.77086,0.77123,1.50,1.50
2011.05.23 03:56:00.475,0.77073,0.77114,1.35,2.10
2011.05.23 03:56:00.583,0.77069,0.77114,2.85,2.10
2011.05.23 03:56:08.553,0.77071,0.77114,1.35,1.50
2011.05.23 03:56:08.744,0.77076,0.77114,1.50,1.50
2011.05.23 03:56:09.764,0.77076,0.77114,2.25,1.50
2011.05.23 03:56:10.273,0.77077,0.77123,1.50,2.25
2011.05.23 03:56:10.493,0.77077,0.77123,2.25,1.50
2011.05.23 03:56:10.823,0.77086,0.77124,1.50,1.50
2011.05.23 03:56:12.594,0.77086,0.77124,2.25,1.50
2011.05.23 03:56:24.284,0.77087,0.77132,2.25,1.35
2011.05.23 03:56:24.503,0.77096,0.77132,1.50,1.35
2011.05.23 03:56:26.323,0.77087,0.77123,1.50,1.50
2011.05.23 03:56:28.023,0.77082,0.77124,2.10,1.50
2011.05.23 03:56:28.242,0.77086,0.77124,1.50,1.50
2011.05.23 03:56:30.552,0.77086,0.77124,1.50,2.25
2011.05.23 03:56:31.253,0.77087,0.77128,1.50,1.50
2011.05.23 03:56:31.583,0.77087,0.77123,1.50,1.50
2011.05.23 03:56:32.928,0.77087,0.77128,1.50,1.50
2011.05.23 03:56:33.038,0.77087,0.77132,2.10,1.50
2011.05.23 03:56:33.143,0.77087,0.77133,2.10,3.00
2011.05.23 03:56:33.253,0.77097,0.77133,1.50,3.00
2011.05.23 03:56:35.007,0.77097,0.77133,1.50,2.25
2011.05.23 03:56:37.354,0.77097,0.77135,1.50,1.35
2011.05.23 03:56:39.984,0.77097,0.77135,2.25,1.35
2011.05.23 03:56:40.423,0.77097,0.77138,2.85,1.35
2011.05.23 03:56:40.533,0.77097,0.77137,2.25,2.85
2011.05.23 03:56:42.054,0.77097,0.77137,2.85,1.35
2011.05.23 03:56:42.273,0.77097,0.77134,1.35,1.50
2011.05.23 03:56:43.072,0.77096,0.77134,2.25,1.50
2011.05.23 03:56:45.625,0.77096,0.77134,2.25,1.50
2011.05.23 03:56:47.023,0.77097,0.77134,2.10,1.50
2011.05.23 03:56:59.883,0.77097,0.77133,4.35,1.50
2011.05.23 03:57:08.763,0.771,0.77154,2.10,3.00
2011.05.23 03:57:09.457,0.77106,0.77144,1.50,1.50
2011.05.23 03:57:10.125,0.77106,0.77144,1.50,2.10
2011.05.23 03:57:10.633,0.77107,0.77141,1.50,1.35
2011.05.23 03:57:12.293,0.77106,0.77146,1.50,1.35
2011.05.23 03:57:12.654,0.77106,0.77144,2.10,1.50
2011.05.23 03:57:12.762,0.77107,0.77153,1.50,3.60
2011.05.23 03:57:12.982,0.77117,0.77153,1.50,3.60
2011.05.23 03:57:19.783,0.77117,0.77153,1.50,2.10
2011.05.23 03:57:20.113,0.77117,0.77153,1.50,2.85
2011.05.23 03:57:22.013,0.77107,0.77153,1.50,2.85
2011.05.23 03:57:22.195,0.77106,0.77144,2.85,1.50
2011.05.23 03:57:22.415,0.77106,0.77153,2.85,1.35
2011.05.23 03:57:22.523,0.77106,0.77153,2.85,1.35
2011.05.23 03:57:22.744,0.77117,0.77153,1.50,2.85
2011.05.23 03:57:23.094,0.77106,0.77153,2.85,1.35
2011.05.23 03:57:23.483,0.77106,0.77153,2.85,1.35
2011.05.23 03:57:41.913,0.77107,0.77143,1.50,1.50
2011.05.23 03:57:47.944,0.77106,0.77144,2.85,1.50
2011.05.23 03:57:49.602,0.77107,0.77149,1.50,1.50
2011.05.23 03:57:49.713,0.77107,0.77153,2.25,3.60
2011.05.23 03:57:50.035,0.77116,0.77153,1.50,2.10
2011.05.23 03:57:51.422,0.77116,0.77153,1.50,2.10
2011.05.23 03:57:51.532,0.77106,0.77153,2.85,2.10
2011.05.23 03:57:51.795,0.77107,0.77143,2.25,1.50
2011.05.23 03:57:59.083,0.77106,0.77153,2.85,1.35
2011.05.23 03:57:59.193,0.77106,0.77154,4.35,3.00
2011.05.23 03:57:59.302,0.77106,0.77154,4.35,3.00
2011.05.23 03:57:59.518,0.77117,0.77153,1.50,2.25
2011.05.23 03:58:00.000,0.77117,0.77153,1.50,1.50
2011.05.23 03:58:01.294,0.77111,0.77153,1.35,2.25
2011.05.23 03:58:01.466,0.77117,0.77153,1.50,2.25
2011.05.23 03:58:02.404,0.77117,0.77153,1.50,2.25
2011.05.23 03:58:04.293,0.77117,0.77153,3.60,2.25
2011.05.23 03:58:04.403,0.77117,0.77153,3.60,1.50
2011.05.23 03:58:04.733,0.77117,0.77161,2.10,1.35
2011.05.23 03:58:04.981,0.77127,0.77161,1.50,1.35
2011.05.23 03:58:06.024,0.77117,0.77161,2.85,1.35
2011.05.23 03:58:06.133,0.77116,0.77161,2.85,1.35
2011.05.23 03:58:06.243,0.77116,0.77156,2.10,1.35
2011.05.23 03:58:07.144,0.77116,0.77154,2.10,2.25
2011.05.23 03:58:08.466,0.77112,0.77144,1.35,1.50
2011.05.23 03:58:14.213,0.77107,0.77151,2.10,1.35
2011.05.23 03:58:14.323,0.77107,0.77151,2.10,1.35
2011.05.23 03:58:15.582,0.77107,0.77143,2.85,1.50
2011.05.23 03:58:16.433,0.77107,0.77153,4.35,3.00
2011.05.23 03:58:16.762,0.77107,0.77143,4.35,1.50
2011.05.23 03:58:17.723,0.77111,0.77153,1.35,1.50
2011.05.23 03:58:18.015,0.77117,0.77153,1.50,1.50
2011.05.23 03:58:26.713,0.77113,0.77154,1.35,1.50
2011.05.23 03:58:26.824,0.77108,0.77154,1.35,2.25
2011.05.23 03:58:27.163,0.77107,0.77154,2.10,2.25
2011.05.23 03:58:27.493,0.77107,0.77144,2.10,1.50
2011.05.23 03:58:33.444,0.77107,0.77153,2.85,1.50
2011.05.23 03:58:33.714,0.77107,0.77144,2.85,1.50
2011.05.23 03:58:37.634,0.77117,0.77153,1.50,2.25
2011.05.23 03:58:38.374,0.77117,0.77153,1.50,2.25
2011.05.23 03:58:38.593,0.77107,0.77154,2.85,2.25
2011.05.23 03:58:40.034,0.77111,0.77154,1.35,2.25
2011.05.23 03:58:40.772,0.77112,0.77154,1.35,1.50
2011.05.23 03:58:40.883,0.7712,0.77154,2.10,1.50
2011.05.23 03:58:40.993,0.7712,0.77163,2.10,2.10
2011.05.23 03:58:41.244,0.7712,0.77163,2.10,2.10
2011.05.23 03:58:41.353,0.7712,0.77154,2.10,1.50
2011.05.23 03:58:42.173,0.77116,0.77154,2.85,1.50
2011.05.23 03:58:42.283,0.77116,0.77162,2.85,1.35
2011.05.23 03:58:42.393,0.77117,0.77153,1.50,1.50
2011.05.23 03:58:46.214,0.7712,0.77153,1.35,1.50
2011.05.23 03:58:46.323,0.7712,0.77163,1.35,1.50
2011.05.23 03:58:46.635,0.77118,0.77163,2.10,2.25
2011.05.23 03:58:46.963,0.77117,0.77153,2.10,1.50
2011.05.23 03:58:48.493,0.77128,0.77164,2.10,1.50
2011.05.23 03:58:49.542,0.77128,0.77163,2.10,1.50
2011.05.23 03:58:50.173,0.77127,0.77163,1.50,2.10
2011.05.23 03:58:50.716,0.77117,0.77153,4.35,1.50
2011.05.23 03:58:56.582,0.77117,0.77158,4.35,1.50
2011.05.23 03:58:56.803,0.77117,0.77163,3.60,2.85
2011.05.23 03:58:57.054,0.77117,0.77154,2.10,1.50
2011.05.23 03:59:06.054,0.77117,0.77163,3.60,2.85
2011.05.23 03:59:06.164,0.77117,0.77153,3.60,1.50
2011.05.23 03:59:17.035,0.77115,0.77153,2.10,1.50
2011.05.23 03:59:18.371,0.77116,0.77154,2.10,1.50
2011.05.23 03:59:25.454,0.77116,0.77154,4.35,1.50
2011.05.23 03:59:27.263,0.7712,0.77163,1.35,2.10
2011.05.23 03:59:27.573,0.77126,0.77164,1.50,2.10
2011.05.23 03:59:29.783,0.77118,0.77161,2.25,1.35
2011.05.23 03:59:30.113,0.77116,0.77154,2.25,1.50
2011.05.23 03:59:31.983,0.77116,0.7716,2.25,1.35
2011.05.23 03:59:32.262,0.77116,0.77154,2.25,1.50
2011.05.23 03:59:32.842,0.77117,0.7716,2.25,1.35
2011.05.23 03:59:33.063,0.77116,0.77154,2.25,1.50
2011.05.23 03:59:33.594,0.77116,0.77154,2.25,1.50
2011.05.23 03:59:33.922,0.77121,0.77154,2.10,1.50
2011.05.23 03:59:34.094,0.77127,0.77163,1.50,2.10
2011.05.23 03:59:36.783,0.77114,0.77154,2.25,2.10
2011.05.23 03:59:36.893,0.77112,0.77154,1.50,2.10
2011.05.23 03:59:37.004,0.77117,0.77153,1.50,1.50
2011.05.23 03:59:49.881,0.77117,0.77149,1.50,2.10
2011.05.23 03:59:50.953,0.77107,0.77148,3.60,1.35
2011.05.23 03:59:51.063,0.77107,0.77144,2.10,1.50
2011.05.23 03:59:54.243,0.77118,0.77144,2.10,1.50
2011.05.23 03:59:54.353,0.77118,0.77153,2.10,1.50
2011.05.23 03:59:54.462,0.77124,0.77153,2.10,1.50
2011.05.23 03:59:54.573,0.77126,0.7716,2.10,1.35
2011.05.23 03:59:58.703,0.77143,0.77164,2.10,2.25
2011.05.23 03:59:58.817,0.77143,0.77175,2.10,1.35
2011.05.23 03:59:59.373,0.77143,0.77173,2.10,1.50
