2017.08.31 03:00:01.317,0.90633,0.9066,1.00,1.00
2017.08.31 03:00:02.159,0.90635,0.90661,1.00,1.00
2017.08.31 03:00:02.210,0.90633,0.9066,1.00,1.00
2017.08.31 03:00:02.874,0.90635,0.90662,1.00,1.00
2017.08.31 03:00:03.213,0.90634,0.9066,1.00,1.00
2017.08.31 03:00:03.264,0.90635,0.90662,1.00,1.00
2017.08.31 03:00:03.415,0.90634,0.9066,1.00,1.00
2017.08.31 03:00:04.313,0.90635,0.90661,1.00,1.00
2017.08.31 03:00:05.409,0.90637,0.90663,1.00,1.00
2017.08.31 03:00:05.611,0.9064,0.90669,1.00,1.50
2017.08.31 03:00:06.131,0.90638,0.90667,1.50,1.00
2017.08.31 03:00:06.463,0.90644,0.90672,1.00,1.00
2017.08.31 03:00:07.195,0.90648,0.90674,1.00,1.00
2017.08.31 03:00:07.347,0.90646,0.90673,1.50,1.00
2017.08.31 03:00:07.448,0.90644,0.90672,1.00,1.00
2017.08.31 03:00:08.230,0.90642,0.90671,1.00,1.00
2017.08.31 03:00:10.724,0.90644,0.90673,1.00,1.00
2017.08.31 03:00:11.726,0.90643,0.9067,1.00,1.00
2017.08.31 03:00:13.041,0.90641,0.9067,1.50,1.00
2017.08.31 03:00:13.092,0.90646,0.90672,1.00,1.00
2017.08.31 03:00:13.485,0.90648,0.90676,1.00,1.00
2017.08.31 03:00:14.051,0.90648,0.90674,1.00,1.00
2017.08.31 03:00:15.321,0.90647,0.90674,1.00,1.00
2017.08.31 03:00:15.423,0.90645,0.90673,1.00,1.00
2017.08.31 03:00:17.314,0.90647,0.90674,1.00,1.00
2017.08.31 03:00:18.607,0.90646,0.90672,1.00,1.00
2017.08.31 03:00:20.382,0.90644,0.90671,1.00,1.00
2017.08.31 03:00:22.123,0.90644,0.90672,1.00,1.00
2017.08.31 03:00:23.945,0.90646,0.90672,1.00,1.00
2017.08.31 03:00:25.673,0.90645,0.90674,1.00,1.00
2017.08.31 03:00:27.830,0.90647,0.90674,1.00,1.00
2017.08.31 03:00:30.351,0.90646,0.90673,1.00,1.00
2017.08.31 03:00:31.567,0.90645,0.90671,1.00,1.00
2017.08.31 03:00:34.956,0.90642,0.90669,1.00,1.00
2017.08.31 03:00:35.007,0.9064,0.90668,1.00,1.00
2017.08.31 03:00:35.058,0.90642,0.90669,1.00,1.00
2017.08.31 03:00:35.694,0.90643,0.90672,1.00,1.00
2017.08.31 03:00:35.745,0.90641,0.90668,1.00,1.00
2017.08.31 03:00:36.055,0.90644,0.90671,1.00,1.00
2017.08.31 03:00:36.747,0.90643,0.9067,1.00,1.00
2017.08.31 03:00:37.159,0.90643,0.90672,1.00,1.00
2017.08.31 03:00:37.500,0.90645,0.90673,1.00,1.00
2017.08.31 03:00:38.193,0.90644,0.90671,1.00,1.00
2017.08.31 03:00:41.245,0.90646,0.90672,1.00,1.00
2017.08.31 03:00:41.707,0.90644,0.90671,1.00,1.00
2017.08.31 03:00:45.381,0.90642,0.90671,1.00,1.00
2017.08.31 03:00:46.384,0.90642,0.90669,1.00,1.00
2017.08.31 03:00:47.208,0.90643,0.90671,1.00,1.00
2017.08.31 03:00:47.370,0.90641,0.9067,1.00,1.00
2017.08.31 03:00:47.603,0.90644,0.9067,1.00,1.00
2017.08.31 03:00:48.178,0.90641,0.9067,1.00,1.00
2017.08.31 03:00:48.474,0.90644,0.9067,1.00,1.00
2017.08.31 03:00:48.604,0.90642,0.90669,1.00,1.00
2017.08.31 03:00:52.183,0.90643,0.9067,1.00,1.00
2017.08.31 03:00:55.762,0.90643,0.90672,1.00,1.00
2017.08.31 03:00:57.385,0.90643,0.9067,1.00,1.00
2017.08.31 03:00:58.049,0.90641,0.9067,1.00,1.00
2017.08.31 03:00:58.099,0.90645,0.90672,1.00,1.00
2017.08.31 03:00:59.059,0.90644,0.90672,1.00,1.00
2017.08.31 03:01:00.059,0.90646,0.90672,1.00,1.00
2017.08.31 03:01:01.065,0.90646,0.90673,1.00,1.00
2017.08.31 03:01:02.202,0.90644,0.90672,1.00,1.00
2017.08.31 03:01:06.713,0.90645,0.90672,1.00,1.00
2017.08.31 03:01:07.714,0.90643,0.90673,1.00,1.00
2017.08.31 03:01:09.124,0.90642,0.90671,1.00,1.00
2017.08.31 03:01:09.448,0.90645,0.90673,1.00,1.00
2017.08.31 03:01:10.126,0.90644,0.90672,1.00,1.00
2017.08.31 03:01:14.069,0.90646,0.90673,1.00,1.00
2017.08.31 03:01:14.867,0.90645,0.90675,1.00,1.00
2017.08.31 03:01:16.641,0.90647,0.90676,1.00,1.00
2017.08.31 03:01:16.944,0.90647,0.90674,1.00,1.00
2017.08.31 03:01:17.644,0.90646,0.90673,1.00,1.00
2017.08.31 03:01:18.557,0.90647,0.90676,1.00,1.00
2017.08.31 03:01:20.001,0.90648,0.90677,1.00,1.12
2017.08.31 03:01:20.583,0.90646,0.90675,1.00,1.00
2017.08.31 03:01:21.742,0.90648,0.90675,1.00,1.00
2017.08.31 03:01:23.450,0.90646,0.90674,1.00,1.00
2017.08.31 03:01:23.935,0.90648,0.90674,1.00,1.00
2017.08.31 03:01:25.020,0.90647,0.90673,1.00,1.00
2017.08.31 03:01:26.651,0.90644,0.90673,1.00,1.00
2017.08.31 03:01:26.932,0.90646,0.90673,1.00,1.00
2017.08.31 03:01:27.179,0.90647,0.90675,1.00,1.00
2017.08.31 03:01:27.487,0.90648,0.90677,1.00,1.00
2017.08.31 03:01:27.934,0.90647,0.90675,1.00,1.00
2017.08.31 03:01:28.572,0.90647,0.90674,1.00,1.00
2017.08.31 03:01:30.283,0.90644,0.90673,1.00,1.00
2017.08.31 03:01:30.420,0.90646,0.90673,1.00,1.00
2017.08.31 03:01:33.259,0.90648,0.90674,1.00,1.00
2017.08.31 03:01:33.502,0.90645,0.90673,1.00,1.00
2017.08.31 03:01:37.273,0.90645,0.90672,1.00,1.00
2017.08.31 03:01:42.433,0.90649,0.90673,1.00,1.00
2017.08.31 03:01:45.964,0.90648,0.90673,1.00,1.00
2017.08.31 03:01:46.116,0.9065,0.90676,1.00,1.00
2017.08.31 03:01:46.998,0.90651,0.90674,1.00,1.00
2017.08.31 03:01:59.557,0.9065,0.90673,1.00,1.00
2017.08.31 03:02:00.358,0.90649,0.90672,1.00,1.00
2017.08.31 03:02:00.459,0.90645,0.90671,1.00,1.00
2017.08.31 03:02:03.283,0.90648,0.90671,1.00,1.00
2017.08.31 03:02:03.333,0.90648,0.90674,1.00,1.00
2017.08.31 03:02:04.158,0.90649,0.90675,1.00,1.00
2017.08.31 03:02:04.259,0.90652,0.90676,1.00,1.00
2017.08.31 03:02:04.511,0.9065,0.90676,1.00,1.00
2017.08.31 03:02:04.935,0.90648,0.90672,1.00,1.00
2017.08.31 03:02:05.060,0.90645,0.90671,1.00,1.00
2017.08.31 03:02:05.632,0.90643,0.90669,1.00,1.00
2017.08.31 03:02:13.257,0.90646,0.90669,1.00,1.00
2017.08.31 03:02:13.308,0.90646,0.90672,1.00,1.50
2017.08.31 03:02:15.396,0.90646,0.90669,1.00,1.00
2017.08.31 03:02:16.359,0.90647,0.90671,1.00,1.00
2017.08.31 03:02:19.708,0.90651,0.90674,1.00,1.00
2017.08.31 03:02:19.809,0.90655,0.90679,1.00,1.00
2017.08.31 03:02:19.910,0.90659,0.90682,1.00,1.00
2017.08.31 03:02:21.863,0.90657,0.90683,1.00,1.50
2017.08.31 03:02:22.363,0.90657,0.90681,1.00,1.00
2017.08.31 03:02:23.357,0.90652,0.90676,1.00,1.00
2017.08.31 03:02:23.408,0.90649,0.90675,1.00,1.00
2017.08.31 03:02:24.333,0.90652,0.90675,1.00,1.00
2017.08.31 03:02:25.397,0.9065,0.90674,1.00,1.00
2017.08.31 03:02:26.397,0.9065,0.90676,1.00,1.00
2017.08.31 03:02:31.287,0.9065,0.90674,1.00,1.00
2017.08.31 03:02:34.226,0.9065,0.90676,1.00,1.00
2017.08.31 03:02:37.393,0.90651,0.90676,1.00,1.00
2017.08.31 03:02:45.622,0.90652,0.90676,1.00,1.00
2017.08.31 03:02:46.993,0.9065,0.90676,1.00,1.00
2017.08.31 03:02:47.135,0.9065,0.90674,1.00,1.00
2017.08.31 03:02:47.438,0.90656,0.9068,1.00,1.00
2017.08.31 03:02:48.260,0.90654,0.9068,1.00,1.00
2017.08.31 03:02:48.693,0.90656,0.9068,1.00,1.00
2017.08.31 03:02:49.205,0.90655,0.90678,1.00,1.00
2017.08.31 03:02:50.940,0.90656,0.9068,1.00,1.00
2017.08.31 03:02:51.041,0.90658,0.90682,1.00,1.00
2017.08.31 03:02:51.414,0.90659,0.90685,1.00,1.00
2017.08.31 03:02:51.579,0.90658,0.90682,1.00,1.00
2017.08.31 03:02:51.942,0.90655,0.90681,1.00,1.00
2017.08.31 03:02:52.447,0.90654,0.9068,1.00,1.00
2017.08.31 03:02:53.083,0.90657,0.9068,1.00,1.00
2017.08.31 03:03:00.155,0.90657,0.90681,1.00,1.00
2017.08.31 03:03:07.454,0.90657,0.90683,1.00,1.00
2017.08.31 03:03:15.681,0.90659,0.90682,1.00,1.00
2017.08.31 03:03:16.057,0.90662,0.90685,1.00,1.00
2017.08.31 03:03:16.158,0.90663,0.90687,1.00,1.00
2017.08.31 03:03:16.682,0.90662,0.90686,1.00,1.00
2017.08.31 03:03:18.685,0.90663,0.90686,1.00,1.00
2017.08.31 03:03:22.484,0.90664,0.90687,1.00,1.00
2017.08.31 03:03:22.574,0.90662,0.90686,1.00,1.00
2017.08.31 03:03:22.689,0.90662,0.90688,1.00,1.00
2017.08.31 03:03:22.788,0.90662,0.90685,1.00,1.00
2017.08.31 03:03:23.690,0.90663,0.90686,1.00,1.00
2017.08.31 03:03:28.823,0.90661,0.90685,1.00,1.00
2017.08.31 03:03:30.155,0.90662,0.90688,1.00,1.00
2017.08.31 03:03:31.906,0.90662,0.90685,1.00,1.00
2017.08.31 03:03:32.237,0.90662,0.90688,1.00,1.00
2017.08.31 03:03:32.635,0.90662,0.90685,1.00,1.00
2017.08.31 03:03:32.927,0.90663,0.90687,1.00,1.00
2017.08.31 03:03:35.253,0.90662,0.90685,1.00,1.00
2017.08.31 03:03:35.405,0.90664,0.90688,1.00,1.00
2017.08.31 03:03:35.507,0.90668,0.90691,1.00,1.00
2017.08.31 03:03:35.910,0.90665,0.90689,1.00,1.00
2017.08.31 03:03:36.477,0.90664,0.90688,1.00,1.00
2017.08.31 03:03:37.399,0.90665,0.90689,1.00,1.00
2017.08.31 03:03:42.069,0.90665,0.90691,1.00,1.00
2017.08.31 03:03:42.221,0.90665,0.90688,1.00,1.00
2017.08.31 03:03:45.240,0.90664,0.9069,1.00,1.00
2017.08.31 03:03:50.584,0.90665,0.90691,1.00,1.00
2017.08.31 03:03:51.559,0.90668,0.90691,1.00,1.00
2017.08.31 03:03:52.419,0.90667,0.9069,1.00,1.00
2017.08.31 03:03:52.784,0.90665,0.90688,1.00,1.00
2017.08.31 03:03:53.783,0.90663,0.90689,1.00,1.00
2017.08.31 03:04:00.286,0.90664,0.9069,1.00,1.00
2017.08.31 03:04:03.901,0.90666,0.9069,1.00,1.00
2017.08.31 03:04:07.072,0.90666,0.90689,1.00,1.00
2017.08.31 03:04:07.573,0.90665,0.90689,1.00,1.00
2017.08.31 03:04:09.095,0.90663,0.90687,1.00,1.00
2017.08.31 03:04:09.643,0.9066,0.90683,1.00,1.00
2017.08.31 03:04:10.146,0.9066,0.90682,1.00,1.00
2017.08.31 03:04:12.572,0.90658,0.90681,1.00,1.00
2017.08.31 03:04:12.623,0.90656,0.9068,1.00,1.00
2017.08.31 03:04:12.674,0.90655,0.90678,1.00,1.00
2017.08.31 03:04:13.562,0.90653,0.90676,1.00,1.00
2017.08.31 03:04:14.747,0.90655,0.90678,1.00,1.00
2017.08.31 03:04:14.979,0.90657,0.90682,1.00,1.00
2017.08.31 03:04:15.301,0.9066,0.90682,1.00,1.00
2017.08.31 03:04:16.302,0.90659,0.90684,1.00,1.00
2017.08.31 03:04:20.307,0.90658,0.90681,1.00,1.00
2017.08.31 03:04:20.408,0.90655,0.9068,1.00,1.00
2017.08.31 03:04:21.298,0.90654,0.90679,1.00,1.00
2017.08.31 03:04:21.550,0.90654,0.90676,1.00,1.00
2017.08.31 03:04:22.176,0.90655,0.9068,1.00,1.00
2017.08.31 03:04:22.633,0.90653,0.90677,1.00,1.00
2017.08.31 03:04:26.427,0.90656,0.90681,1.00,1.00
2017.08.31 03:04:26.808,0.90656,0.90679,1.00,1.00
2017.08.31 03:04:27.959,0.90654,0.90677,1.00,1.00
2017.08.31 03:04:30.330,0.90655,0.90677,1.00,1.00
2017.08.31 03:04:31.333,0.90654,0.90677,1.00,1.00
2017.08.31 03:04:34.026,0.90652,0.90677,1.00,1.00
2017.08.31 03:04:34.699,0.90653,0.90677,1.00,1.00
2017.08.31 03:04:37.633,0.90653,0.90676,1.00,1.00
2017.08.31 03:04:38.634,0.90654,0.90677,1.00,1.00
2017.08.31 03:04:39.239,0.90655,0.90679,1.00,1.00
2017.08.31 03:04:40.031,0.90657,0.90679,1.00,1.00
2017.08.31 03:04:40.442,0.90658,0.90681,1.00,1.00
2017.08.31 03:04:40.525,0.90657,0.90679,1.00,1.00
2017.08.31 03:04:41.439,0.90656,0.90679,1.00,1.00
2017.08.31 03:04:42.376,0.90653,0.90678,1.00,1.00
2017.08.31 03:04:45.861,0.90654,0.90678,1.00,1.00
2017.08.31 03:04:48.688,0.90656,0.90679,1.00,1.00
2017.08.31 03:04:49.015,0.90658,0.90681,1.00,1.00
2017.08.31 03:04:49.690,0.90656,0.90681,1.00,1.00
2017.08.31 03:04:50.210,0.90656,0.90679,1.00,1.00
2017.08.31 03:04:50.741,0.90655,0.90678,1.00,1.00
2017.08.31 03:04:52.570,0.90654,0.9068,1.00,1.00
2017.08.31 03:04:53.064,0.90657,0.90681,1.00,1.00
2017.08.31 03:04:54.516,0.90655,0.9068,1.00,1.00
2017.08.31 03:04:54.697,0.90658,0.90682,1.00,1.00
2017.08.31 03:04:56.825,0.90657,0.9068,1.00,1.00
2017.08.31 03:04:57.027,0.90655,0.90679,1.00,1.00
2017.08.31 03:04:58.128,0.90657,0.90683,1.00,1.00
2017.08.31 03:05:00.891,0.90658,0.90681,1.00,1.00
2017.08.31 03:05:01.543,0.90658,0.90682,1.00,1.00
2017.08.31 03:05:01.953,0.90656,0.90681,1.00,1.00
2017.08.31 03:05:03.303,0.90657,0.90683,1.00,1.00
2017.08.31 03:05:05.304,0.90656,0.9068,1.00,1.00
2017.08.31 03:05:05.735,0.90658,0.90682,1.00,1.00
2017.08.31 03:05:07.181,0.90657,0.90681,1.00,1.00
2017.08.31 03:05:07.692,0.90655,0.90681,1.00,1.00
2017.08.31 03:05:09.300,0.90658,0.90682,1.00,1.00
2017.08.31 03:05:09.646,0.90655,0.90681,1.00,1.00
2017.08.31 03:05:10.446,0.90658,0.90682,1.00,1.00
2017.08.31 03:05:10.796,0.90664,0.90687,1.00,1.00
2017.08.31 03:05:11.098,0.90667,0.9069,1.00,1.00
2017.08.31 03:05:11.512,0.90668,0.90692,1.00,1.00
2017.08.31 03:05:11.613,0.90664,0.9069,1.00,1.00
2017.08.31 03:05:11.865,0.90663,0.90687,1.00,1.00
2017.08.31 03:05:15.535,0.90664,0.90688,1.00,1.00
2017.08.31 03:05:15.585,0.9066,0.90686,1.00,1.00
2017.08.31 03:05:15.787,0.90659,0.90683,1.00,1.00
2017.08.31 03:05:15.867,0.90656,0.90681,1.00,1.00
2017.08.31 03:05:16.068,0.90658,0.90682,1.00,1.00
2017.08.31 03:05:16.984,0.90658,0.90683,1.00,1.00
2017.08.31 03:05:18.725,0.90661,0.90685,1.00,1.00
2017.08.31 03:05:22.188,0.90661,0.90686,1.00,1.50
2017.08.31 03:05:23.189,0.90661,0.90685,1.00,1.00
2017.08.31 03:05:24.930,0.90659,0.90685,1.00,1.00
2017.08.31 03:05:24.981,0.90662,0.90686,1.00,1.00
2017.08.31 03:05:25.032,0.90663,0.90688,1.00,1.00
2017.08.31 03:05:25.931,0.90665,0.90689,1.00,1.00
2017.08.31 03:05:27.463,0.9066,0.90685,1.00,1.00
2017.08.31 03:05:30.438,0.90659,0.90685,1.00,1.00
2017.08.31 03:05:31.722,0.90661,0.90687,1.00,1.00
2017.08.31 03:05:32.334,0.90659,0.90685,1.00,1.00
2017.08.31 03:05:33.459,0.90659,0.90684,1.00,1.00
2017.08.31 03:05:33.761,0.90656,0.9068,1.00,1.00
2017.08.31 03:05:34.533,0.90655,0.9068,1.00,1.00
2017.08.31 03:05:35.534,0.90654,0.9068,1.00,1.00
2017.08.31 03:05:36.871,0.90657,0.90682,1.00,1.00
2017.08.31 03:05:37.864,0.90657,0.90681,1.00,1.00
2017.08.31 03:05:41.433,0.90659,0.90683,1.00,1.00
2017.08.31 03:05:41.738,0.90657,0.90681,1.00,1.00
2017.08.31 03:05:45.399,0.90655,0.90681,1.00,1.00
2017.08.31 03:05:47.222,0.90658,0.90681,1.00,1.00
2017.08.31 03:05:47.273,0.90656,0.9068,1.00,1.00
2017.08.31 03:05:48.622,0.90654,0.9068,1.00,1.00
2017.08.31 03:05:49.171,0.90655,0.90681,1.00,1.00
2017.08.31 03:05:49.925,0.90655,0.90679,1.00,1.00
2017.08.31 03:06:03.015,0.90657,0.9068,1.00,1.00
2017.08.31 03:06:03.085,0.90658,0.90682,1.00,1.00
2017.08.31 03:06:04.016,0.90657,0.90681,1.00,1.00
2017.08.31 03:06:04.618,0.90655,0.90679,1.00,1.00
2017.08.31 03:06:05.771,0.90654,0.90677,1.00,1.00
2017.08.31 03:06:06.675,0.90651,0.90677,1.00,1.00
2017.08.31 03:06:06.725,0.90653,0.90678,1.00,1.00
2017.08.31 03:06:07.821,0.90652,0.90678,1.00,1.00
2017.08.31 03:06:08.123,0.9065,0.90676,1.00,1.00
2017.08.31 03:06:09.435,0.90649,0.90675,1.00,1.00
2017.08.31 03:06:13.415,0.90653,0.90676,1.00,1.00
2017.08.31 03:06:13.516,0.90654,0.90678,1.00,1.00
2017.08.31 03:06:14.024,0.90654,0.90679,1.00,1.00
2017.08.31 03:06:14.226,0.90652,0.90678,1.00,1.00
2017.08.31 03:06:14.276,0.90655,0.90679,1.00,1.00
2017.08.31 03:06:14.581,0.90652,0.90675,1.00,1.00
2017.08.31 03:06:14.893,0.90649,0.90672,1.00,1.00
2017.08.31 03:06:15.511,0.90647,0.90671,1.00,1.00
2017.08.31 03:06:16.799,0.90645,0.90671,1.00,1.00
2017.08.31 03:06:22.832,0.90645,0.90669,1.00,1.00
2017.08.31 03:06:23.337,0.90647,0.90672,1.00,1.00
2017.08.31 03:06:25.377,0.90646,0.9067,1.00,1.00
2017.08.31 03:06:28.309,0.90647,0.90673,1.00,1.00
2017.08.31 03:06:28.639,0.90647,0.90671,1.00,1.00
2017.08.31 03:06:28.815,0.90648,0.90673,1.00,1.00
2017.08.31 03:06:33.731,0.90653,0.90677,1.00,1.50
2017.08.31 03:06:34.688,0.90654,0.90678,1.00,1.00
2017.08.31 03:06:36.769,0.90652,0.90675,1.00,1.00
2017.08.31 03:06:36.820,0.9065,0.90674,1.00,1.00
2017.08.31 03:06:36.871,0.90646,0.90672,1.00,1.00
2017.08.31 03:06:36.921,0.90649,0.90673,1.00,1.00
2017.08.31 03:06:37.942,0.90648,0.90673,1.00,1.00
2017.08.31 03:06:38.469,0.90647,0.90671,1.00,1.00
2017.08.31 03:06:43.992,0.90646,0.90669,1.00,1.00
2017.08.31 03:06:44.244,0.90648,0.90672,1.00,1.50
2017.08.31 03:06:46.796,0.90644,0.9067,1.00,1.00
2017.08.31 03:06:47.397,0.90646,0.90671,1.00,1.00
2017.08.31 03:06:48.011,0.90647,0.90673,1.00,1.00
2017.08.31 03:06:52.271,0.90647,0.9067,1.00,1.00
2017.08.31 03:06:52.321,0.90643,0.90669,1.00,1.00
2017.08.31 03:06:52.746,0.90641,0.90667,1.00,1.00
2017.08.31 03:06:53.128,0.9064,0.90665,1.00,1.00
2017.08.31 03:06:56.248,0.90639,0.90665,1.00,1.00
2017.08.31 03:07:01.120,0.90641,0.90664,1.00,1.00
2017.08.31 03:07:04.482,0.90641,0.90665,1.00,1.00
2017.08.31 03:07:05.049,0.90642,0.90666,1.00,1.00
2017.08.31 03:07:06.600,0.90641,0.90666,1.00,1.00
2017.08.31 03:07:07.922,0.9064,0.90665,1.00,1.00
2017.08.31 03:07:08.928,0.90639,0.90665,1.00,1.00
2017.08.31 03:07:10.649,0.90644,0.90667,1.00,1.00
2017.08.31 03:07:12.572,0.90644,0.9067,1.00,1.00
2017.08.31 03:07:12.673,0.90648,0.90672,1.00,1.00
2017.08.31 03:07:15.648,0.90648,0.90673,1.00,1.00
2017.08.31 03:07:16.650,0.90647,0.90673,1.00,1.00
2017.08.31 03:07:19.819,0.90649,0.90675,1.00,1.00
2017.08.31 03:07:20.145,0.90653,0.90677,1.00,1.00
2017.08.31 03:07:20.950,0.90652,0.90677,1.00,1.00
2017.08.31 03:07:21.670,0.90652,0.90676,1.00,1.00
2017.08.31 03:07:21.975,0.90654,0.90678,1.00,1.00
2017.08.31 03:07:22.177,0.90651,0.90677,1.00,1.00
2017.08.31 03:07:22.945,0.90651,0.90674,1.00,1.00
2017.08.31 03:07:29.894,0.90651,0.90677,1.00,1.00
2017.08.31 03:07:30.045,0.90654,0.90678,1.00,1.00
2017.08.31 03:07:30.354,0.90653,0.90676,1.00,1.00
2017.08.31 03:07:30.896,0.90651,0.90675,1.00,1.00
2017.08.31 03:07:31.897,0.90652,0.90675,1.00,1.00
2017.08.31 03:07:37.481,0.90652,0.90676,1.00,1.00
2017.08.31 03:07:37.982,0.90652,0.90677,1.00,1.00
2017.08.31 03:07:38.973,0.90654,0.90679,1.00,1.00
2017.08.31 03:07:39.074,0.90657,0.90683,1.00,1.87
2017.08.31 03:07:39.175,0.90659,0.90683,1.00,1.12
2017.08.31 03:07:39.276,0.90659,0.90685,1.00,1.87
2017.08.31 03:07:40.049,0.90659,0.90683,1.00,1.00
2017.08.31 03:07:40.664,0.90657,0.9068,1.00,1.00
2017.08.31 03:07:41.053,0.90658,0.90682,1.00,1.00
2017.08.31 03:07:41.667,0.90658,0.90684,1.00,1.00
2017.08.31 03:07:42.908,0.90657,0.90682,1.00,1.00
2017.08.31 03:07:45.745,0.90657,0.90681,1.00,1.00
2017.08.31 03:07:45.796,0.90658,0.90683,1.00,1.00
2017.08.31 03:07:51.084,0.90659,0.90683,1.00,1.00
2017.08.31 03:07:52.096,0.90659,0.90684,1.00,1.00
2017.08.31 03:07:52.146,0.90658,0.90682,1.00,1.00
2017.08.31 03:07:53.160,0.9066,0.90683,1.00,1.00
2017.08.31 03:07:53.473,0.90658,0.90682,1.00,1.00
2017.08.31 03:07:54.031,0.90657,0.90681,1.00,1.00
2017.08.31 03:07:54.883,0.90658,0.90682,1.00,1.00
2017.08.31 03:08:00.501,0.90656,0.90682,1.00,1.00
2017.08.31 03:08:00.552,0.90656,0.90679,1.00,1.00
2017.08.31 03:08:00.754,0.90654,0.90679,1.00,1.00
2017.08.31 03:08:01.366,0.90656,0.90682,1.00,1.00
2017.08.31 03:08:05.214,0.90656,0.9068,1.00,1.00
2017.08.31 03:08:05.265,0.90658,0.90683,1.00,1.00
2017.08.31 03:08:05.417,0.90661,0.90684,1.00,1.00
2017.08.31 03:08:06.435,0.9066,0.90684,1.00,1.00
2017.08.31 03:08:07.185,0.90659,0.90682,1.00,1.00
2017.08.31 03:08:08.187,0.90659,0.90683,1.00,1.00
2017.08.31 03:08:15.769,0.90657,0.90683,1.00,1.00
2017.08.31 03:08:21.208,0.9066,0.90684,1.00,1.00
2017.08.31 03:08:22.342,0.90662,0.90686,1.00,1.00
2017.08.31 03:08:25.803,0.90663,0.90687,1.00,1.50
2017.08.31 03:08:26.841,0.90662,0.90686,1.00,1.00
2017.08.31 03:08:31.300,0.90661,0.90685,1.00,1.00
2017.08.31 03:08:36.935,0.90667,0.90691,1.00,1.00
2017.08.31 03:08:37.036,0.90668,0.90694,1.00,1.00
2017.08.31 03:08:37.288,0.90672,0.90696,1.00,1.00
2017.08.31 03:08:38.102,0.9067,0.90696,1.00,1.50
2017.08.31 03:08:39.676,0.90665,0.90691,1.00,1.00
2017.08.31 03:08:40.197,0.90664,0.9069,1.00,1.50
2017.08.31 03:08:40.639,0.90663,0.90687,1.00,1.00
2017.08.31 03:08:41.210,0.90665,0.90689,1.00,1.00
2017.08.31 03:08:41.311,0.90668,0.90694,1.00,1.50
2017.08.31 03:08:41.535,0.90668,0.90692,1.00,1.00
2017.08.31 03:08:46.330,0.90669,0.90693,1.00,1.00
2017.08.31 03:08:47.333,0.9067,0.90693,1.00,1.00
2017.08.31 03:08:50.693,0.9067,0.90694,1.00,1.00
2017.08.31 03:08:53.133,0.90669,0.90694,1.00,1.00
2017.08.31 03:08:53.655,0.9067,0.90696,1.00,1.00
2017.08.31 03:08:54.651,0.90671,0.90696,1.00,1.00
2017.08.31 03:08:55.653,0.90672,0.90696,1.00,1.00
2017.08.31 03:09:00.302,0.90672,0.90698,1.00,1.00
2017.08.31 03:09:00.914,0.90666,0.9069,1.00,1.00
2017.08.31 03:09:01.116,0.90663,0.90689,1.00,1.00
2017.08.31 03:09:02.176,0.90665,0.90691,1.00,1.50
2017.08.31 03:09:03.686,0.90667,0.90691,1.00,1.50
2017.08.31 03:09:04.206,0.90668,0.90692,1.00,1.00
2017.08.31 03:09:04.922,0.90668,0.90693,1.00,1.00
2017.08.31 03:09:05.527,0.90669,0.90695,1.00,1.00
2017.08.31 03:09:07.661,0.90669,0.90694,1.00,1.00
2017.08.31 03:09:08.663,0.90669,0.90695,1.00,1.00
2017.08.31 03:09:11.544,0.90671,0.90695,1.00,1.00
2017.08.31 03:09:11.595,0.90672,0.90698,1.00,1.00
2017.08.31 03:09:12.664,0.90671,0.90696,1.00,1.00
2017.08.31 03:09:13.842,0.90671,0.90694,1.00,1.00
2017.08.31 03:09:15.890,0.9067,0.90694,1.00,1.00
2017.08.31 03:09:21.375,0.90668,0.90692,1.00,1.00
2017.08.31 03:09:22.123,0.90666,0.90692,1.00,1.00
2017.08.31 03:09:22.631,0.90667,0.90691,1.00,1.00
2017.08.31 03:09:22.934,0.90665,0.90689,1.00,1.00
2017.08.31 03:09:23.257,0.90669,0.90692,1.00,1.00
2017.08.31 03:09:24.068,0.90668,0.90692,1.00,1.00
2017.08.31 03:09:24.374,0.90663,0.90686,1.00,1.00
2017.08.31 03:09:24.475,0.90659,0.90683,1.00,1.00
2017.08.31 03:09:25.212,0.90658,0.90681,1.00,1.00
2017.08.31 03:09:25.313,0.90655,0.90681,1.00,1.00
2017.08.31 03:09:26.394,0.90656,0.90679,1.00,1.00
2017.08.31 03:09:27.028,0.90656,0.9068,1.00,1.00
2017.08.31 03:09:28.871,0.90657,0.90681,1.00,1.50
2017.08.31 03:09:29.815,0.90656,0.9068,1.00,1.00
2017.08.31 03:09:30.176,0.90658,0.90681,1.00,1.50
2017.08.31 03:09:30.778,0.90659,0.90682,1.00,1.50
2017.08.31 03:09:31.816,0.90658,0.90682,1.00,1.50
2017.08.31 03:09:35.277,0.90657,0.90681,1.00,1.00
2017.08.31 03:09:38.222,0.90655,0.90681,1.00,1.50
2017.08.31 03:09:38.785,0.90655,0.90679,1.00,1.00
2017.08.31 03:09:39.440,0.90656,0.9068,1.00,1.00
2017.08.31 03:09:39.491,0.90656,0.90682,1.00,1.00
2017.08.31 03:09:41.290,0.90658,0.90682,1.00,1.00
2017.08.31 03:09:42.243,0.90658,0.90684,1.00,1.50
2017.08.31 03:09:43.355,0.90656,0.90682,1.00,1.00
2017.08.31 03:09:46.450,0.90657,0.90683,1.00,1.00
2017.08.31 03:09:50.354,0.9066,0.90684,1.00,1.50
2017.08.31 03:09:50.699,0.90658,0.90682,1.00,1.50
2017.08.31 03:09:51.459,0.90657,0.90681,1.00,1.00
2017.08.31 03:09:53.252,0.90657,0.90682,1.00,1.00
2017.08.31 03:09:53.771,0.90657,0.90681,1.00,1.00
2017.08.31 03:09:57.515,0.90656,0.9068,1.00,1.00
2017.08.31 03:09:57.666,0.90656,0.90682,1.00,1.50
2017.08.31 03:10:00.978,0.90656,0.90681,1.00,1.00
2017.08.31 03:10:07.113,0.90655,0.90681,1.00,1.00
2017.08.31 03:10:07.164,0.90658,0.90681,1.00,1.00
2017.08.31 03:10:07.467,0.90659,0.90683,1.00,1.00
2017.08.31 03:10:07.568,0.90658,0.90681,1.00,1.00
2017.08.31 03:10:08.041,0.90656,0.90679,1.00,1.00
2017.08.31 03:10:10.971,0.90655,0.9068,1.00,1.00
2017.08.31 03:10:11.504,0.90656,0.9068,1.00,1.00
2017.08.31 03:10:11.998,0.90658,0.90681,1.00,1.00
2017.08.31 03:10:12.446,0.90659,0.90683,1.00,1.00
2017.08.31 03:10:12.597,0.90657,0.90681,1.00,1.00
2017.08.31 03:10:15.202,0.9066,0.90682,1.00,1.00
2017.08.31 03:10:15.253,0.90658,0.90684,1.00,1.00
2017.08.31 03:10:15.505,0.90657,0.90681,1.00,1.00
2017.08.31 03:10:18.663,0.90662,0.90683,1.00,1.00
2017.08.31 03:10:18.815,0.90665,0.90689,1.00,1.00
2017.08.31 03:10:20.109,0.90664,0.90688,1.00,1.00
2017.08.31 03:10:20.210,0.90662,0.90686,1.00,1.00
2017.08.31 03:10:20.399,0.90659,0.90684,1.00,1.00
2017.08.31 03:10:20.662,0.90661,0.90685,1.00,1.00
2017.08.31 03:10:21.946,0.90664,0.90687,1.00,1.00
2017.08.31 03:10:23.317,0.90664,0.90688,1.00,1.00
2017.08.31 03:10:23.519,0.9067,0.90695,1.00,1.00
2017.08.31 03:10:24.037,0.9067,0.90696,1.00,1.00
2017.08.31 03:10:26.604,0.90669,0.90692,1.00,1.00
2017.08.31 03:10:26.706,0.90666,0.90692,1.00,1.00
2017.08.31 03:10:27.039,0.90666,0.90689,1.00,1.00
2017.08.31 03:10:31.548,0.90667,0.9069,1.00,1.00
2017.08.31 03:10:32.057,0.90666,0.9069,1.00,1.00
2017.08.31 03:10:33.125,0.90671,0.90693,1.00,1.00
2017.08.31 03:10:33.176,0.90671,0.90695,1.00,1.00
2017.08.31 03:10:36.691,0.90669,0.90693,1.00,1.00
2017.08.31 03:10:36.993,0.90673,0.90696,1.00,1.00
2017.08.31 03:10:37.849,0.90671,0.90697,1.00,1.00
2017.08.31 03:10:38.850,0.90671,0.90696,1.00,1.00
2017.08.31 03:10:40.009,0.90671,0.90695,1.00,1.00
2017.08.31 03:10:41.517,0.9067,0.90694,1.00,1.00
2017.08.31 03:10:42.348,0.90669,0.90693,1.00,1.00
2017.08.31 03:10:43.055,0.90668,0.90692,1.00,1.00
2017.08.31 03:10:44.326,0.90666,0.90692,1.00,1.00
2017.08.31 03:10:46.578,0.90667,0.9069,1.00,1.00
2017.08.31 03:10:48.257,0.90665,0.90691,1.00,1.00
2017.08.31 03:10:49.764,0.90665,0.90689,1.00,1.00
2017.08.31 03:10:50.726,0.90666,0.90689,1.00,1.00
2017.08.31 03:10:52.878,0.90666,0.9069,1.00,1.00
2017.08.31 03:10:54.608,0.90664,0.9069,1.00,1.00
2017.08.31 03:10:54.709,0.9066,0.90685,1.00,1.00
2017.08.31 03:10:55.026,0.90662,0.90686,1.00,1.00
2017.08.31 03:10:55.336,0.9066,0.90684,1.00,1.00
2017.08.31 03:10:56.302,0.90661,0.90684,1.00,1.00
2017.08.31 03:10:59.354,0.90658,0.90684,1.00,1.00
2017.08.31 03:11:02.138,0.9066,0.90684,1.00,1.00
2017.08.31 03:11:02.993,0.90661,0.90685,1.00,1.00
2017.08.31 03:11:03.343,0.90666,0.90686,1.00,1.00
2017.08.31 03:11:03.394,0.90666,0.9069,1.00,1.00
2017.08.31 03:11:05.505,0.90667,0.90691,1.00,1.00
2017.08.31 03:11:07.755,0.90666,0.90689,1.00,1.00
2017.08.31 03:11:08.734,0.90665,0.90691,1.00,1.00
2017.08.31 03:11:11.114,0.90667,0.90693,1.00,1.00
2017.08.31 03:11:11.420,0.90671,0.90695,1.00,1.50
2017.08.31 03:11:12.072,0.90669,0.90694,1.00,1.00
2017.08.31 03:11:12.903,0.90668,0.90692,1.00,1.00
2017.08.31 03:11:13.601,0.90666,0.90691,1.00,1.00
2017.08.31 03:11:13.702,0.90666,0.90689,1.00,1.00
2017.08.31 03:11:14.217,0.90665,0.90688,1.00,1.00
2017.08.31 03:11:14.318,0.90662,0.90688,1.00,1.00
2017.08.31 03:11:16.638,0.90663,0.90688,1.00,1.00
2017.08.31 03:11:16.950,0.90665,0.90689,1.00,1.00
2017.08.31 03:11:17.151,0.9067,0.90695,1.00,1.00
2017.08.31 03:11:17.722,0.9067,0.90696,1.00,1.00
2017.08.31 03:11:17.950,0.90672,0.90697,1.00,1.00
2017.08.31 03:11:19.392,0.9067,0.90694,1.00,1.00
2017.08.31 03:11:22.919,0.90672,0.90696,1.00,1.00
2017.08.31 03:11:23.817,0.9067,0.90696,1.00,1.00
2017.08.31 03:11:24.468,0.90669,0.90695,1.00,1.00
2017.08.31 03:11:25.424,0.90668,0.90694,1.00,1.00
2017.08.31 03:11:25.474,0.90668,0.90692,1.00,1.00
2017.08.31 03:11:29.365,0.90666,0.90692,1.00,1.00
2017.08.31 03:11:30.699,0.90665,0.90688,1.00,1.00
2017.08.31 03:11:31.668,0.90664,0.90688,1.00,1.00
2017.08.31 03:11:32.505,0.90666,0.90689,1.00,1.00
2017.08.31 03:11:32.707,0.90667,0.90691,1.00,1.00
2017.08.31 03:11:33.556,0.90664,0.9069,1.00,1.00
2017.08.31 03:11:33.840,0.90664,0.90688,1.00,1.00
2017.08.31 03:11:34.853,0.90663,0.90687,1.00,1.00
2017.08.31 03:11:37.969,0.90664,0.90687,1.00,1.00
2017.08.31 03:11:38.972,0.90662,0.90688,1.00,1.00
2017.08.31 03:11:40.368,0.90662,0.90686,1.00,1.00
2017.08.31 03:11:40.490,0.90663,0.90688,1.00,1.00
2017.08.31 03:11:42.417,0.90665,0.90688,1.00,1.50
2017.08.31 03:11:42.519,0.90666,0.90691,1.00,1.00
2017.08.31 03:11:42.620,0.90669,0.90692,1.00,1.00
2017.08.31 03:11:48.404,0.90668,0.90691,1.00,1.00
2017.08.31 03:11:48.706,0.90667,0.90689,1.00,1.00
2017.08.31 03:11:49.476,0.90666,0.90689,1.00,1.00
2017.08.31 03:11:51.572,0.90666,0.9069,1.00,1.00
2017.08.31 03:11:51.918,0.90671,0.90693,1.00,1.00
2017.08.31 03:11:52.460,0.90671,0.90696,1.00,1.00
2017.08.31 03:11:52.756,0.90668,0.90697,1.00,1.00
2017.08.31 03:11:53.018,0.90671,0.90697,1.00,1.00
2017.08.31 03:11:59.224,0.90672,0.90701,1.00,1.00
2017.08.31 03:12:00.240,0.90671,0.907,1.00,1.00
2017.08.31 03:12:00.342,0.9067,0.90698,1.00,1.00
2017.08.31 03:12:01.233,0.90671,0.907,1.00,1.00
2017.08.31 03:12:01.753,0.90673,0.907,1.00,1.00
2017.08.31 03:12:02.657,0.90671,0.90699,1.00,1.00
2017.08.31 03:12:08.530,0.90671,0.90697,1.00,1.00
2017.08.31 03:12:08.967,0.90674,0.90701,1.00,1.00
2017.08.31 03:12:09.533,0.90672,0.907,1.00,1.00
2017.08.31 03:12:10.524,0.90673,0.90702,1.00,1.00
2017.08.31 03:12:12.137,0.90671,0.907,1.00,1.00
2017.08.31 03:12:13.953,0.9067,0.90696,1.00,1.00
2017.08.31 03:12:14.192,0.90668,0.90696,1.00,1.00
2017.08.31 03:12:15.502,0.90667,0.90693,1.00,1.00
2017.08.31 03:12:15.725,0.90664,0.90693,1.00,1.00
2017.08.31 03:12:16.735,0.90663,0.90692,1.00,1.00
2017.08.31 03:12:18.358,0.90665,0.90692,1.00,1.00
2017.08.31 03:12:20.124,0.90664,0.90691,1.00,1.00
2017.08.31 03:12:20.574,0.90661,0.90687,1.00,1.00
2017.08.31 03:12:20.776,0.90668,0.90697,1.00,1.00
2017.08.31 03:12:21.526,0.9067,0.90699,1.00,1.00
2017.08.31 03:12:23.560,0.90671,0.907,1.00,1.00
2017.08.31 03:12:24.897,0.90674,0.90701,1.00,1.00
2017.08.31 03:12:24.998,0.90671,0.907,1.00,1.00
2017.08.31 03:12:25.893,0.90673,0.90701,1.00,1.00
2017.08.31 03:12:26.239,0.90671,0.90698,1.00,1.00
2017.08.31 03:12:26.698,0.90673,0.90701,1.00,1.00
2017.08.31 03:12:26.900,0.90676,0.90702,1.00,1.00
2017.08.31 03:12:31.788,0.90675,0.90702,1.00,1.00
2017.08.31 03:12:33.778,0.90673,0.90702,1.00,1.00
2017.08.31 03:12:33.829,0.90673,0.90699,1.00,1.00
2017.08.31 03:12:34.213,0.90678,0.90704,1.00,1.00
2017.08.31 03:12:34.264,0.9068,0.90707,1.00,1.00
2017.08.31 03:12:34.797,0.90682,0.90708,1.00,1.00
2017.08.31 03:12:35.107,0.9068,0.90708,1.00,1.00
2017.08.31 03:12:35.622,0.90685,0.90712,1.00,1.00
2017.08.31 03:12:35.824,0.90683,0.90711,1.00,1.00
2017.08.31 03:12:35.925,0.90681,0.90709,1.00,1.00
2017.08.31 03:12:36.951,0.90681,0.90707,1.00,1.00
2017.08.31 03:12:38.089,0.9068,0.90709,1.00,1.00
2017.08.31 03:12:38.528,0.90682,0.90709,1.00,1.00
2017.08.31 03:12:39.103,0.90682,0.90711,1.00,1.00
2017.08.31 03:12:40.741,0.90681,0.9071,1.00,1.00
2017.08.31 03:12:40.904,0.90681,0.90708,1.00,1.00
2017.08.31 03:12:42.576,0.90682,0.90711,1.00,1.00
2017.08.31 03:12:43.739,0.90683,0.90712,1.00,1.00
2017.08.31 03:12:45.049,0.90682,0.9071,1.00,1.00
2017.08.31 03:12:46.818,0.90683,0.9071,1.00,1.00
2017.08.31 03:12:49.295,0.90683,0.90709,1.00,1.00
2017.08.31 03:12:50.297,0.90682,0.90711,1.00,1.00
2017.08.31 03:12:50.951,0.9068,0.90709,1.00,1.00
2017.08.31 03:12:52.043,0.90681,0.90707,1.00,1.00
2017.08.31 03:12:53.578,0.90679,0.90706,1.00,1.00
2017.08.31 03:12:53.679,0.90678,0.90704,1.00,1.00
2017.08.31 03:12:53.780,0.90675,0.90704,1.00,1.00
2017.08.31 03:12:55.806,0.90674,0.90702,1.00,1.00
2017.08.31 03:12:56.007,0.90672,0.90701,1.00,1.00
2017.08.31 03:12:56.198,0.90671,0.90698,1.00,1.00
2017.08.31 03:12:56.249,0.90672,0.90701,1.00,1.00
2017.08.31 03:12:56.804,0.90672,0.907,1.00,1.00
2017.08.31 03:12:57.107,0.90673,0.90702,1.00,1.00
2017.08.31 03:12:57.158,0.90675,0.90702,1.00,1.00
2017.08.31 03:13:01.074,0.90675,0.90704,1.00,1.00
2017.08.31 03:13:03.371,0.90675,0.90702,1.00,1.00
2017.08.31 03:13:03.674,0.90677,0.90703,1.00,1.00
2017.08.31 03:13:05.371,0.90675,0.90702,1.00,1.00
2017.08.31 03:13:08.650,0.90675,0.90703,1.00,1.00
2017.08.31 03:13:08.700,0.90677,0.90704,1.00,1.00
2017.08.31 03:13:09.186,0.90679,0.90706,1.00,1.00
2017.08.31 03:13:09.599,0.90678,0.90704,1.00,1.00
2017.08.31 03:13:10.291,0.90677,0.90703,1.00,1.00
2017.08.31 03:13:11.302,0.90676,0.90703,1.00,1.00
2017.08.31 03:13:13.509,0.90678,0.90704,1.00,1.00
2017.08.31 03:13:13.934,0.90676,0.90703,1.00,1.00
2017.08.31 03:13:16.092,0.90676,0.90702,1.00,1.00
2017.08.31 03:13:22.545,0.90677,0.90703,1.00,1.00
2017.08.31 03:13:23.629,0.90676,0.90705,1.00,1.00
2017.08.31 03:13:23.680,0.90679,0.90705,1.00,1.00
2017.08.31 03:13:24.683,0.90678,0.90707,1.00,1.00
2017.08.31 03:13:28.619,0.9068,0.90707,1.00,1.00
2017.08.31 03:13:28.949,0.9067,0.90695,1.12,1.00
2017.08.31 03:13:29.107,0.90668,0.90695,1.00,1.00
2017.08.31 03:13:29.391,0.90666,0.90693,1.00,1.00
2017.08.31 03:13:31.908,0.90666,0.90694,1.00,1.00
2017.08.31 03:13:33.546,0.90667,0.90694,1.00,1.00
2017.08.31 03:13:35.489,0.90667,0.90693,1.00,1.00
2017.08.31 03:13:35.540,0.90665,0.90692,1.00,1.00
2017.08.31 03:13:35.590,0.90659,0.90686,1.00,1.00
2017.08.31 03:13:36.572,0.90658,0.90686,1.00,1.00
2017.08.31 03:13:37.200,0.90657,0.90685,1.00,1.00
2017.08.31 03:13:37.536,0.90656,0.90682,1.00,1.00
2017.08.31 03:13:37.860,0.90658,0.90684,1.00,1.00
2017.08.31 03:13:38.495,0.90658,0.90685,1.00,1.00
2017.08.31 03:13:39.383,0.90659,0.90687,1.00,1.00
2017.08.31 03:13:39.862,0.90657,0.90686,1.00,1.00
2017.08.31 03:13:41.483,0.90659,0.90688,1.00,1.00
2017.08.31 03:13:41.786,0.90664,0.90691,1.00,1.00
2017.08.31 03:13:41.915,0.9066,0.90689,1.00,1.00
2017.08.31 03:13:42.614,0.9066,0.90686,1.00,1.00
2017.08.31 03:13:43.130,0.90661,0.90687,1.00,1.00
2017.08.31 03:13:44.311,0.90661,0.9069,1.00,1.00
2017.08.31 03:13:46.454,0.90661,0.90691,1.00,1.00
2017.08.31 03:13:47.475,0.90661,0.9069,1.00,1.00
2017.08.31 03:13:47.854,0.9066,0.90688,1.00,1.00
2017.08.31 03:13:48.328,0.90659,0.90686,1.00,1.00
2017.08.31 03:13:49.185,0.90661,0.90688,1.00,1.50
2017.08.31 03:13:51.891,0.9066,0.90686,1.00,1.00
2017.08.31 03:13:51.992,0.90657,0.90685,1.00,1.00
2017.08.31 03:13:52.143,0.90655,0.90684,1.00,2.25
2017.08.31 03:13:53.101,0.90658,0.90684,1.00,1.50
2017.08.31 03:13:53.422,0.90661,0.90687,1.00,1.00
2017.08.31 03:13:54.146,0.9066,0.90689,1.00,1.50
2017.08.31 03:13:54.878,0.9066,0.90686,1.00,1.00
2017.08.31 03:13:54.928,0.90654,0.90681,1.00,1.00
2017.08.31 03:13:54.993,0.90652,0.90679,1.00,1.00
2017.08.31 03:13:55.917,0.90651,0.90678,1.00,1.00
2017.08.31 03:13:56.717,0.90652,0.90681,1.00,1.00
2017.08.31 03:13:57.259,0.90653,0.90683,1.00,1.50
2017.08.31 03:13:58.482,0.90656,0.90683,1.00,1.00
2017.08.31 03:13:59.213,0.90658,0.90684,1.00,1.00
2017.08.31 03:13:59.379,0.90655,0.90685,1.00,1.00
2017.08.31 03:14:00.292,0.90655,0.90681,1.00,1.00
2017.08.31 03:14:00.343,0.90656,0.90683,1.00,1.00
2017.08.31 03:14:01.484,0.90654,0.90681,1.00,1.00
2017.08.31 03:14:02.448,0.9065,0.90678,1.00,1.00
2017.08.31 03:14:03.623,0.9065,0.90679,1.00,1.00
2017.08.31 03:14:03.854,0.90649,0.90676,1.00,1.00
2017.08.31 03:14:06.154,0.90651,0.90678,1.00,1.00
2017.08.31 03:14:06.770,0.9065,0.90676,1.00,1.00
2017.08.31 03:14:08.703,0.90652,0.90679,1.00,1.00
2017.08.31 03:14:08.857,0.90651,0.90681,1.00,1.00
2017.08.31 03:14:08.909,0.90654,0.90681,1.00,1.00
2017.08.31 03:14:09.212,0.90651,0.90678,1.00,1.00
2017.08.31 03:14:09.526,0.90648,0.90677,1.00,1.00
2017.08.31 03:14:10.202,0.90648,0.90675,1.00,1.00
2017.08.31 03:14:10.495,0.90649,0.90677,1.00,1.50
2017.08.31 03:14:11.141,0.90648,0.90675,1.00,1.00
2017.08.31 03:14:12.230,0.90646,0.90674,1.00,1.00
2017.08.31 03:14:12.729,0.90644,0.90673,1.00,1.00
2017.08.31 03:14:12.780,0.90648,0.90674,1.00,1.00
2017.08.31 03:14:12.881,0.90645,0.90674,1.00,1.00
2017.08.31 03:14:15.876,0.90648,0.90675,1.00,1.00
2017.08.31 03:14:16.383,0.90648,0.90674,1.00,1.00
2017.08.31 03:14:16.685,0.90655,0.90681,1.00,1.00
2017.08.31 03:14:16.736,0.9065,0.90679,1.00,1.00
2017.08.31 03:14:16.889,0.90653,0.90678,1.00,1.00
2017.08.31 03:14:16.940,0.90653,0.9068,1.00,1.00
2017.08.31 03:14:17.254,0.90651,0.90677,1.00,1.00
2017.08.31 03:14:17.305,0.90644,0.90672,1.50,1.00
2017.08.31 03:14:18.305,0.90645,0.90673,1.00,1.00
2017.08.31 03:14:23.299,0.90644,0.90673,1.00,1.00
2017.08.31 03:14:24.300,0.90646,0.90672,1.00,1.00
2017.08.31 03:14:25.389,0.90643,0.90671,1.50,1.00
2017.08.31 03:14:26.154,0.90642,0.9067,1.00,1.00
2017.08.31 03:14:26.398,0.90644,0.9067,1.00,1.00
2017.08.31 03:14:27.039,0.90643,0.90669,1.00,1.00
2017.08.31 03:14:27.337,0.90645,0.90672,1.00,1.00
2017.08.31 03:14:30.072,0.90645,0.90674,1.00,1.00
2017.08.31 03:14:30.122,0.9065,0.90678,1.00,1.00
2017.08.31 03:14:30.608,0.90652,0.90679,1.00,1.00
2017.08.31 03:14:31.072,0.90651,0.90677,1.00,1.00
2017.08.31 03:14:32.028,0.90651,0.90679,1.00,1.00
2017.08.31 03:14:33.141,0.90651,0.90678,1.00,1.00
2017.08.31 03:14:34.031,0.90652,0.90679,1.00,1.00
2017.08.31 03:14:35.478,0.90653,0.9068,1.00,1.50
2017.08.31 03:14:36.472,0.90652,0.9068,1.00,1.00
2017.08.31 03:14:36.801,0.90654,0.90681,1.00,1.50
2017.08.31 03:14:38.374,0.90655,0.90681,1.00,1.00
2017.08.31 03:14:43.943,0.90652,0.9068,1.00,1.00
2017.08.31 03:14:44.178,0.90651,0.90678,1.00,1.00
2017.08.31 03:14:44.913,0.90653,0.9068,1.00,1.00
2017.08.31 03:14:46.915,0.90654,0.90681,1.00,1.00
2017.08.31 03:14:47.672,0.90654,0.9068,1.00,1.00
2017.08.31 03:14:53.860,0.90652,0.90681,1.00,1.00
2017.08.31 03:14:58.144,0.90655,0.90682,1.00,1.00
2017.08.31 03:14:58.447,0.90657,0.90684,1.00,1.00
2017.08.31 03:14:59.175,0.90655,0.90684,1.00,1.00
2017.08.31 03:15:00.287,0.90658,0.90685,1.00,1.50
2017.08.31 03:15:00.338,0.90656,0.90685,1.00,1.00
2017.08.31 03:15:00.439,0.90655,0.90681,1.00,1.00
2017.08.31 03:15:01.268,0.90657,0.90683,1.00,1.00
2017.08.31 03:15:01.739,0.90654,0.90681,1.00,1.00
2017.08.31 03:15:08.377,0.90655,0.90681,1.00,1.00
2017.08.31 03:15:10.104,0.90652,0.90681,1.00,1.00
2017.08.31 03:15:11.178,0.90651,0.90679,1.00,1.00
2017.08.31 03:15:13.045,0.90652,0.90681,1.00,1.00
2017.08.31 03:15:14.201,0.90652,0.9068,1.00,1.00
2017.08.31 03:15:15.223,0.9065,0.90679,1.00,1.00
2017.08.31 03:15:16.318,0.90653,0.90679,1.00,1.00
2017.08.31 03:15:17.107,0.90652,0.90678,1.00,1.00
2017.08.31 03:15:18.689,0.90649,0.90677,1.00,1.00
2017.08.31 03:15:18.740,0.90647,0.90674,1.00,1.00
2017.08.31 03:15:18.790,0.90643,0.90672,1.00,1.00
2017.08.31 03:15:18.841,0.90642,0.9067,1.00,1.00
2017.08.31 03:15:19.163,0.90646,0.90672,1.00,1.50
2017.08.31 03:15:19.623,0.90649,0.90675,1.00,1.00
2017.08.31 03:15:19.752,0.90646,0.90675,1.00,1.00
2017.08.31 03:15:21.183,0.90646,0.90673,1.00,1.00
2017.08.31 03:15:21.349,0.90644,0.90673,1.00,1.00
2017.08.31 03:15:21.668,0.90646,0.90675,1.00,1.50
2017.08.31 03:15:22.081,0.90644,0.90673,1.00,1.00
2017.08.31 03:15:23.097,0.90645,0.90674,1.00,1.00
2017.08.31 03:15:24.122,0.90647,0.90673,1.00,1.00
2017.08.31 03:15:25.745,0.90652,0.90676,1.00,1.00
2017.08.31 03:15:25.846,0.90652,0.90678,1.00,1.00
2017.08.31 03:15:26.089,0.90655,0.90679,1.00,1.00
2017.08.31 03:15:28.653,0.90656,0.9068,1.00,1.00
2017.08.31 03:15:30.181,0.90655,0.90679,1.00,1.00
2017.08.31 03:15:30.249,0.90656,0.90681,1.00,1.00
2017.08.31 03:15:31.638,0.90656,0.90682,1.00,1.50
2017.08.31 03:15:32.115,0.90658,0.90682,1.00,1.00
2017.08.31 03:15:32.216,0.90654,0.9068,1.00,1.50
2017.08.31 03:15:32.787,0.90656,0.90681,1.00,1.00
2017.08.31 03:15:38.065,0.90655,0.90679,1.00,1.00
2017.08.31 03:15:39.026,0.90656,0.90679,1.00,1.00
2017.08.31 03:15:45.442,0.90653,0.90679,1.00,1.00
2017.08.31 03:15:54.189,0.90655,0.90679,1.00,1.00
2017.08.31 03:15:54.240,0.90655,0.90681,1.00,1.00
2017.08.31 03:15:55.236,0.90654,0.9068,1.00,1.00
2017.08.31 03:15:56.330,0.90655,0.9068,1.00,1.00
2017.08.31 03:15:56.702,0.90657,0.90681,1.00,1.00
2017.08.31 03:15:58.673,0.90659,0.90685,1.00,1.00
2017.08.31 03:15:59.632,0.90659,0.90683,1.00,1.00
2017.08.31 03:16:01.289,0.9066,0.90685,1.00,1.00
2017.08.31 03:16:01.339,0.90659,0.90683,1.00,1.00
2017.08.31 03:16:02.834,0.90659,0.90682,1.00,1.00
2017.08.31 03:16:03.473,0.9066,0.90683,1.00,1.00
2017.08.31 03:16:03.846,0.90657,0.90683,1.00,1.00
2017.08.31 03:16:04.164,0.90659,0.90684,1.00,1.00
2017.08.31 03:16:04.514,0.90658,0.90682,1.00,1.00
2017.08.31 03:16:04.865,0.9066,0.90683,1.00,1.00
2017.08.31 03:16:05.629,0.90658,0.90682,1.00,1.00
2017.08.31 03:16:07.991,0.9066,0.90683,1.00,1.00
2017.08.31 03:16:08.075,0.90657,0.90683,1.00,1.00
2017.08.31 03:16:08.992,0.90658,0.90682,1.00,1.00
2017.08.31 03:16:09.373,0.90659,0.90684,1.00,1.00
2017.08.31 03:16:09.424,0.90658,0.90682,1.00,1.00
2017.08.31 03:16:09.994,0.90659,0.90683,1.00,1.00
2017.08.31 03:16:10.996,0.90658,0.90682,1.00,1.00
2017.08.31 03:16:11.376,0.9066,0.90683,1.00,1.00
2017.08.31 03:16:11.485,0.90658,0.90682,1.00,1.00
2017.08.31 03:16:17.226,0.90659,0.90683,1.00,1.00
2017.08.31 03:16:18.357,0.9066,0.90684,1.00,1.00
2017.08.31 03:16:21.612,0.90659,0.90682,1.00,1.00
2017.08.31 03:16:22.560,0.90659,0.90684,1.00,1.00
2017.08.31 03:16:22.661,0.90658,0.90682,1.00,1.00
2017.08.31 03:16:23.522,0.90656,0.9068,1.00,1.00
2017.08.31 03:16:23.573,0.90656,0.90682,1.00,1.00
2017.08.31 03:16:24.577,0.90655,0.90681,1.00,1.00
2017.08.31 03:16:24.907,0.90648,0.90674,1.00,1.00
2017.08.31 03:16:25.217,0.90647,0.90671,1.00,1.00
2017.08.31 03:16:25.369,0.90648,0.90674,1.00,1.00
2017.08.31 03:16:26.101,0.90647,0.90673,1.00,1.00
2017.08.31 03:16:26.152,0.9065,0.90674,1.00,1.00
2017.08.31 03:16:26.692,0.90651,0.90675,1.00,1.00
2017.08.31 03:16:26.998,0.90653,0.90676,1.00,1.00
2017.08.31 03:16:27.793,0.90651,0.90677,1.00,1.00
2017.08.31 03:16:27.968,0.90651,0.90674,1.00,1.00
2017.08.31 03:16:31.755,0.90651,0.90675,1.00,1.00
2017.08.31 03:16:32.257,0.9065,0.90674,1.00,1.00
2017.08.31 03:16:36.389,0.90649,0.90674,1.00,1.00
2017.08.31 03:16:36.817,0.90648,0.90672,1.00,1.00
2017.08.31 03:16:37.914,0.9065,0.90674,1.00,1.00
2017.08.31 03:16:39.058,0.90651,0.90675,1.00,1.00
2017.08.31 03:16:39.648,0.90649,0.90675,1.00,1.00
2017.08.31 03:16:39.800,0.90647,0.90673,1.00,1.00
2017.08.31 03:16:40.609,0.90649,0.90673,1.00,1.00
2017.08.31 03:16:46.459,0.90648,0.90673,1.00,1.00
2017.08.31 03:16:47.467,0.9065,0.90673,1.00,1.00
2017.08.31 03:16:47.770,0.90648,0.90671,1.00,1.00
2017.08.31 03:16:48.489,0.90649,0.90671,1.00,1.00
2017.08.31 03:16:54.088,0.9065,0.90672,1.00,1.00
2017.08.31 03:16:55.090,0.9065,0.90673,1.00,1.00
2017.08.31 03:17:02.187,0.90648,0.90673,1.00,1.00
2017.08.31 03:17:02.238,0.90646,0.90669,1.00,1.00
2017.08.31 03:17:03.225,0.90647,0.9067,1.00,1.00
2017.08.31 03:17:08.617,0.90645,0.9067,1.00,1.00
2017.08.31 03:17:14.802,0.90644,0.90667,1.00,1.00
2017.08.31 03:17:14.903,0.90649,0.90674,1.00,1.50
2017.08.31 03:17:15.058,0.90652,0.90674,1.00,1.00
2017.08.31 03:17:16.036,0.90654,0.90676,1.00,1.00
2017.08.31 03:17:16.845,0.90654,0.90677,1.00,1.00
2017.08.31 03:17:18.301,0.90652,0.90675,1.00,1.00
2017.08.31 03:17:18.734,0.90649,0.90672,1.00,1.00
2017.08.31 03:17:20.027,0.90651,0.90674,1.00,1.00
2017.08.31 03:17:20.776,0.9065,0.90673,1.00,1.00
2017.08.31 03:17:21.463,0.90651,0.90674,1.00,1.00
2017.08.31 03:17:24.149,0.9065,0.90673,1.00,1.00
2017.08.31 03:17:25.538,0.90652,0.90674,1.00,1.00
2017.08.31 03:17:25.655,0.90649,0.90674,1.00,1.00
2017.08.31 03:17:26.092,0.90652,0.90675,1.00,1.00
2017.08.31 03:17:27.858,0.90653,0.90676,1.00,1.00
2017.08.31 03:17:28.308,0.90655,0.90678,1.00,1.00
2017.08.31 03:17:31.875,0.90655,0.90677,1.00,1.00
2017.08.31 03:17:32.878,0.90655,0.90678,1.00,1.00
2017.08.31 03:17:38.678,0.90654,0.90677,1.00,1.00
2017.08.31 03:17:44.020,0.90652,0.90676,1.00,1.00
2017.08.31 03:17:44.071,0.90653,0.90678,1.00,1.00
2017.08.31 03:17:44.172,0.90655,0.9068,1.00,1.00
2017.08.31 03:17:44.988,0.90654,0.90677,1.00,1.00
2017.08.31 03:17:47.406,0.90654,0.90679,1.00,1.00
2017.08.31 03:17:47.667,0.90656,0.90679,1.00,1.00
2017.08.31 03:17:48.643,0.90655,0.90679,1.00,1.00
2017.08.31 03:17:53.420,0.90656,0.90679,1.00,1.00
2017.08.31 03:17:53.730,0.90653,0.90676,1.00,1.00
2017.08.31 03:17:54.427,0.90653,0.90678,1.00,1.00
2017.08.31 03:18:02.436,0.90654,0.90679,1.00,1.00
2017.08.31 03:18:03.741,0.90655,0.9068,1.00,1.00
2017.08.31 03:18:04.751,0.90654,0.90677,1.00,1.00
2017.08.31 03:18:05.451,0.90653,0.90676,1.00,1.00
2017.08.31 03:18:08.211,0.90653,0.90678,1.00,1.00
2017.08.31 03:18:09.140,0.90654,0.90678,1.00,1.00
2017.08.31 03:18:10.141,0.90653,0.90678,1.00,1.00
2017.08.31 03:18:11.015,0.90654,0.90679,1.00,1.00
2017.08.31 03:18:14.464,0.90653,0.90678,1.00,1.00
2017.08.31 03:18:14.565,0.90655,0.9068,1.00,1.00
2017.08.31 03:18:15.812,0.90655,0.90677,1.00,1.00
2017.08.31 03:18:15.912,0.90656,0.90681,1.00,1.00
2017.08.31 03:18:16.517,0.90657,0.90682,1.00,1.00
2017.08.31 03:18:17.467,0.90659,0.90683,1.00,1.00
2017.08.31 03:18:17.586,0.90661,0.90686,1.00,1.00
2017.08.31 03:18:17.637,0.90663,0.90687,1.00,1.00
2017.08.31 03:18:17.938,0.90665,0.90688,1.00,1.00
2017.08.31 03:18:19.752,0.90664,0.90687,1.00,1.00
2017.08.31 03:18:20.004,0.90661,0.90686,1.00,1.00
2017.08.31 03:18:20.737,0.9066,0.90685,1.00,1.00
2017.08.31 03:18:23.063,0.90663,0.90686,1.00,1.00
2017.08.31 03:18:24.296,0.90664,0.90686,1.00,1.00
2017.08.31 03:18:26.369,0.90661,0.90686,1.00,1.00
2017.08.31 03:18:26.500,0.90663,0.90688,1.00,1.00
2017.08.31 03:18:26.816,0.90667,0.90689,1.00,1.00
2017.08.31 03:18:27.540,0.90667,0.90692,1.00,1.00
2017.08.31 03:18:27.998,0.90666,0.90689,1.00,1.00
2017.08.31 03:18:28.320,0.90663,0.90686,1.00,1.00
2017.08.31 03:18:28.952,0.90664,0.90687,1.00,1.00
2017.08.31 03:18:29.537,0.90664,0.90689,1.00,1.00
2017.08.31 03:18:30.598,0.90663,0.90688,1.00,1.00
2017.08.31 03:18:30.648,0.90663,0.90686,1.00,1.00
2017.08.31 03:18:32.496,0.90661,0.90686,1.00,1.00
2017.08.31 03:18:33.163,0.90661,0.90684,1.00,1.00
2017.08.31 03:18:37.876,0.90662,0.90685,1.00,1.00
2017.08.31 03:18:37.977,0.90662,0.90687,1.00,1.00
2017.08.31 03:18:38.028,0.9066,0.90684,1.00,1.00
2017.08.31 03:18:38.079,0.90661,0.90686,1.00,1.00
2017.08.31 03:18:38.214,0.90664,0.90687,1.00,1.00
2017.08.31 03:18:39.069,0.90665,0.90688,1.00,1.00
2017.08.31 03:18:39.789,0.90664,0.90687,1.00,1.00
2017.08.31 03:18:40.300,0.90664,0.90686,1.00,1.00
2017.08.31 03:18:41.388,0.90665,0.90688,1.00,1.00
2017.08.31 03:18:41.767,0.90663,0.90687,1.00,1.00
2017.08.31 03:18:42.099,0.90665,0.90688,1.00,1.00
2017.08.31 03:18:48.165,0.90665,0.9069,1.00,1.00
2017.08.31 03:18:48.216,0.90665,0.90688,1.00,1.00
2017.08.31 03:18:48.793,0.90668,0.9069,1.00,1.00
2017.08.31 03:18:50.781,0.90668,0.90691,1.00,1.00
2017.08.31 03:18:50.831,0.90665,0.9069,1.00,1.00
2017.08.31 03:18:51.277,0.90665,0.90688,1.00,1.00
2017.08.31 03:18:54.329,0.90666,0.90689,1.00,1.00
2017.08.31 03:18:58.286,0.90666,0.90691,1.00,1.00
2017.08.31 03:19:01.350,0.90665,0.90688,1.00,1.00
2017.08.31 03:19:02.556,0.90665,0.9069,1.00,1.00
2017.08.31 03:19:17.587,0.90665,0.90689,1.00,1.00
2017.08.31 03:19:24.388,0.90666,0.90689,1.00,1.00
2017.08.31 03:19:26.582,0.90663,0.90688,1.00,1.00
2017.08.31 03:19:26.633,0.90662,0.90685,1.00,1.00
2017.08.31 03:19:26.936,0.90665,0.90688,1.00,1.00
2017.08.31 03:19:27.238,0.90667,0.9069,1.00,1.00
2017.08.31 03:19:27.684,0.90668,0.90693,1.00,1.00
2017.08.31 03:19:29.819,0.9067,0.90693,1.00,1.00
2017.08.31 03:19:30.496,0.90669,0.90692,1.00,1.00
2017.08.31 03:19:31.382,0.90668,0.9069,1.00,1.00
2017.08.31 03:19:31.498,0.90666,0.90689,1.00,1.00
2017.08.31 03:19:34.116,0.90664,0.90689,1.00,1.00
2017.08.31 03:19:47.146,0.90665,0.90689,1.00,1.00
2017.08.31 03:19:47.647,0.90665,0.90687,1.00,1.00
2017.08.31 03:19:53.948,0.90664,0.90687,1.00,1.00
2017.08.31 03:19:54.949,0.90665,0.90688,1.00,1.00
2017.08.31 03:20:01.047,0.90664,0.90687,1.00,1.00
2017.08.31 03:20:01.148,0.90662,0.90687,1.00,1.00
2017.08.31 03:20:02.051,0.90662,0.90684,1.00,1.00
2017.08.31 03:20:03.052,0.90662,0.90685,1.00,1.00
2017.08.31 03:20:07.818,0.90659,0.90684,1.00,1.00
2017.08.31 03:20:08.982,0.90661,0.90684,1.00,1.00
2017.08.31 03:20:10.048,0.90662,0.90685,1.00,1.00
2017.08.31 03:20:10.847,0.9066,0.90685,1.00,1.00
2017.08.31 03:20:12.194,0.90659,0.90683,1.00,1.00
2017.08.31 03:20:13.825,0.90658,0.90681,1.00,1.00
2017.08.31 03:20:17.711,0.90659,0.90681,1.00,1.00
2017.08.31 03:20:23.680,0.90658,0.90681,1.00,1.00
2017.08.31 03:20:24.600,0.90659,0.90682,1.00,1.00
2017.08.31 03:20:32.240,0.9066,0.90683,1.00,1.00
2017.08.31 03:20:35.757,0.90659,0.90682,1.00,1.00
2017.08.31 03:20:36.249,0.90662,0.90685,1.00,1.50
2017.08.31 03:20:37.878,0.90659,0.90684,1.00,1.00
2017.08.31 03:20:39.543,0.9066,0.90684,1.00,1.00
2017.08.31 03:20:42.005,0.90659,0.90682,1.00,1.00
2017.08.31 03:20:42.397,0.90657,0.9068,1.00,1.00
2017.08.31 03:20:48.508,0.90659,0.90681,1.00,1.00
2017.08.31 03:20:48.711,0.90657,0.9068,1.00,1.00
2017.08.31 03:20:49.242,0.90656,0.90679,1.00,1.00
2017.08.31 03:20:49.693,0.90655,0.90677,1.00,1.00
2017.08.31 03:20:50.648,0.90653,0.90678,1.00,1.00
2017.08.31 03:20:51.478,0.90652,0.90676,1.00,1.00
2017.08.31 03:20:53.397,0.90655,0.90678,1.00,1.00
2017.08.31 03:20:59.165,0.90654,0.90677,1.00,1.00
2017.08.31 03:20:59.286,0.90654,0.90679,1.00,1.00
2017.08.31 03:21:05.146,0.90653,0.90676,1.00,1.00
2017.08.31 03:21:06.203,0.90655,0.90677,1.00,1.00
2017.08.31 03:21:07.183,0.90655,0.90678,1.00,1.00
2017.08.31 03:21:08.116,0.90654,0.90676,1.00,1.00
2017.08.31 03:21:09.103,0.90654,0.90677,1.00,1.00
2017.08.31 03:21:10.137,0.90653,0.90676,1.00,1.00
2017.08.31 03:21:10.310,0.90653,0.90678,1.00,1.00
2017.08.31 03:21:11.089,0.90652,0.90677,1.00,1.00
2017.08.31 03:21:14.868,0.90654,0.90677,1.00,1.00
2017.08.31 03:21:15.172,0.90653,0.90675,1.00,1.00
2017.08.31 03:21:16.172,0.90652,0.90675,1.00,1.00
2017.08.31 03:21:17.331,0.90653,0.90676,1.00,1.00
2017.08.31 03:21:24.646,0.90652,0.90675,1.00,1.00
2017.08.31 03:21:24.696,0.9065,0.90674,1.00,1.00
2017.08.31 03:21:25.698,0.9065,0.90673,1.00,1.00
2017.08.31 03:21:28.967,0.90654,0.90677,1.00,1.00
2017.08.31 03:21:29.017,0.90654,0.90679,1.00,1.00
2017.08.31 03:21:29.068,0.90657,0.9068,1.00,1.00
2017.08.31 03:21:29.119,0.90658,0.90682,1.00,1.00
2017.08.31 03:21:32.360,0.90658,0.90683,1.00,1.00
2017.08.31 03:21:33.362,0.90657,0.90682,1.00,1.00
2017.08.31 03:21:38.422,0.90657,0.9068,1.00,1.00
2017.08.31 03:21:38.481,0.90659,0.90683,1.00,1.00
2017.08.31 03:21:39.675,0.90659,0.90684,1.00,1.00
2017.08.31 03:21:40.666,0.90658,0.90683,1.00,1.00
2017.08.31 03:21:42.789,0.90658,0.90682,1.00,1.00
2017.08.31 03:21:45.735,0.90657,0.9068,1.00,1.00
2017.08.31 03:21:47.391,0.90658,0.90681,1.00,1.00
2017.08.31 03:21:47.824,0.90657,0.90683,1.00,1.00
2017.08.31 03:21:47.935,0.90664,0.90688,1.00,1.00
2017.08.31 03:21:47.985,0.90665,0.9069,1.00,1.00
2017.08.31 03:21:48.137,0.90668,0.90694,1.00,1.00
2017.08.31 03:21:48.994,0.9067,0.90694,1.00,1.00
2017.08.31 03:21:52.155,0.90668,0.90694,1.00,1.00
2017.08.31 03:21:52.878,0.90667,0.90693,1.00,1.00
2017.08.31 03:21:54.693,0.90668,0.90692,1.00,1.00
2017.08.31 03:22:00.079,0.90669,0.90693,1.00,1.00
2017.08.31 03:22:04.317,0.90667,0.90693,1.00,1.00
2017.08.31 03:22:05.716,0.90666,0.90692,1.00,1.00
2017.08.31 03:22:05.868,0.90665,0.9069,1.00,1.00
2017.08.31 03:22:06.681,0.90664,0.9069,1.00,1.50
2017.08.31 03:22:08.094,0.90663,0.90689,1.00,1.50
2017.08.31 03:22:08.420,0.90666,0.9069,1.00,1.00
2017.08.31 03:22:09.268,0.90665,0.9069,1.00,1.00
2017.08.31 03:22:10.297,0.90666,0.90691,1.00,1.00
2017.08.31 03:22:10.555,0.90667,0.90693,1.00,1.50
2017.08.31 03:22:12.202,0.90667,0.90691,1.00,1.00
2017.08.31 03:22:17.952,0.90668,0.90691,1.00,1.00
2017.08.31 03:22:21.526,0.90668,0.90692,1.00,1.00
2017.08.31 03:22:24.285,0.90667,0.90691,1.00,1.00
2017.08.31 03:22:25.767,0.90666,0.9069,1.00,1.00
2017.08.31 03:22:25.969,0.90663,0.90689,1.00,1.00
2017.08.31 03:22:32.480,0.90663,0.90688,1.00,1.00
2017.08.31 03:22:39.282,0.90664,0.90688,1.00,1.00
2017.08.31 03:22:39.783,0.90663,0.90687,1.00,1.00
2017.08.31 03:22:45.757,0.90663,0.90686,1.00,1.00
2017.08.31 03:22:48.012,0.90662,0.90688,1.00,1.00
2017.08.31 03:23:01.925,0.90662,0.90686,1.00,1.00
2017.08.31 03:23:02.516,0.90663,0.90687,1.00,1.00
2017.08.31 03:23:02.920,0.9066,0.90684,1.00,1.00
2017.08.31 03:23:03.164,0.90658,0.90684,1.00,1.00
2017.08.31 03:23:03.886,0.90659,0.90685,1.00,1.00
2017.08.31 03:23:09.951,0.9066,0.90686,1.00,1.00
2017.08.31 03:23:11.014,0.90665,0.90689,1.00,1.00
2017.08.31 03:23:11.980,0.90664,0.90688,1.00,1.00
2017.08.31 03:23:12.992,0.90662,0.90688,1.00,1.00
2017.08.31 03:23:13.685,0.90666,0.9069,1.00,1.00
2017.08.31 03:23:14.518,0.90667,0.90691,1.00,1.00
2017.08.31 03:23:15.031,0.90666,0.9069,1.00,1.00
2017.08.31 03:23:16.733,0.90668,0.90691,1.00,1.00
2017.08.31 03:23:17.570,0.90666,0.90692,1.00,1.00
2017.08.31 03:23:19.953,0.90665,0.90691,1.00,1.00
2017.08.31 03:23:24.734,0.9066,0.90686,1.00,1.00
2017.08.31 03:23:25.064,0.90658,0.90684,1.00,1.00
2017.08.31 03:23:25.793,0.90657,0.9068,1.00,1.00
2017.08.31 03:23:27.639,0.90654,0.90678,1.00,1.00
2017.08.31 03:23:28.655,0.90656,0.9068,1.00,1.00
2017.08.31 03:23:29.222,0.90655,0.90681,1.00,1.00
2017.08.31 03:23:32.130,0.90655,0.90679,1.00,1.00
2017.08.31 03:23:33.132,0.90655,0.9068,1.00,1.00
2017.08.31 03:23:34.316,0.90656,0.90681,1.00,1.00
2017.08.31 03:23:34.831,0.90658,0.90681,1.00,1.00
2017.08.31 03:23:35.315,0.90659,0.90683,1.00,1.00
2017.08.31 03:23:36.316,0.90657,0.90683,1.00,1.00
2017.08.31 03:23:39.402,0.90659,0.90682,1.00,1.00
2017.08.31 03:23:43.288,0.90659,0.90685,1.00,1.00
2017.08.31 03:23:43.389,0.90661,0.90685,1.00,1.00
2017.08.31 03:23:43.940,0.90659,0.90683,1.00,1.00
2017.08.31 03:23:44.041,0.90653,0.90679,1.00,1.00
2017.08.31 03:23:44.193,0.90656,0.90681,1.00,1.00
2017.08.31 03:23:47.631,0.90657,0.90681,1.00,1.00
2017.08.31 03:23:49.753,0.90655,0.90681,1.00,1.00
2017.08.31 03:23:49.803,0.90654,0.90677,1.00,1.00
2017.08.31 03:23:50.106,0.90651,0.90674,1.00,1.00
2017.08.31 03:23:50.766,0.90652,0.90675,1.00,1.00
2017.08.31 03:23:51.672,0.90653,0.90676,1.00,1.00
2017.08.31 03:23:52.211,0.90651,0.90677,1.00,1.00
2017.08.31 03:23:54.448,0.90653,0.90677,1.00,1.00
2017.08.31 03:23:55.457,0.90653,0.90676,1.00,1.00
2017.08.31 03:23:57.078,0.90653,0.90679,1.00,1.00
2017.08.31 03:23:57.596,0.90657,0.90681,1.00,1.00
2017.08.31 03:23:58.554,0.90658,0.90682,1.00,1.00
2017.08.31 03:24:03.161,0.90658,0.90681,1.00,1.00
2017.08.31 03:24:09.963,0.90657,0.90683,1.00,1.00
2017.08.31 03:24:10.548,0.90658,0.90682,1.00,1.00
2017.08.31 03:24:11.083,0.90657,0.90683,1.00,1.00
2017.08.31 03:24:24.567,0.90658,0.90684,1.00,1.00
2017.08.31 03:24:25.297,0.90657,0.90683,1.00,1.00
2017.08.31 03:24:26.258,0.90656,0.90682,1.00,1.00
2017.08.31 03:24:33.221,0.90658,0.90682,1.00,1.00
2017.08.31 03:24:40.455,0.90655,0.90681,1.00,1.00
2017.08.31 03:24:40.506,0.90658,0.90681,1.00,1.00
2017.08.31 03:24:40.998,0.9066,0.90685,1.00,1.50
2017.08.31 03:24:54.552,0.9066,0.90686,1.00,1.00
2017.08.31 03:24:55.831,0.90663,0.90686,1.00,1.00
2017.08.31 03:24:58.702,0.90663,0.90687,1.00,1.00
2017.08.31 03:24:59.109,0.90661,0.90685,1.00,1.00
2017.08.31 03:25:02.837,0.90661,0.90686,1.00,1.00
2017.08.31 03:25:03.791,0.90661,0.90685,1.00,1.00
2017.08.31 03:25:04.306,0.90659,0.90685,1.00,1.00
2017.08.31 03:25:07.815,0.90658,0.90684,1.00,1.00
2017.08.31 03:25:07.916,0.9066,0.90684,1.00,1.00
2017.08.31 03:25:08.420,0.90659,0.90683,1.00,1.00
2017.08.31 03:25:08.921,0.9066,0.90683,1.00,1.00
2017.08.31 03:25:10.093,0.90661,0.90684,1.00,1.00
2017.08.31 03:25:10.380,0.90662,0.90686,1.00,1.00
2017.08.31 03:25:10.901,0.9066,0.90684,1.00,1.00
2017.08.31 03:25:11.341,0.90662,0.90686,1.00,1.00
2017.08.31 03:25:11.826,0.90661,0.90684,1.00,1.00
2017.08.31 03:25:12.332,0.90662,0.90686,1.00,1.00
2017.08.31 03:25:12.937,0.9066,0.90684,1.00,1.00
2017.08.31 03:25:14.198,0.90661,0.90685,1.00,1.00
2017.08.31 03:25:14.725,0.90659,0.90685,1.00,1.00
2017.08.31 03:25:15.829,0.90658,0.90683,1.00,1.00
2017.08.31 03:25:16.789,0.90658,0.90684,1.00,1.00
2017.08.31 03:25:22.748,0.90657,0.90683,1.00,1.00
2017.08.31 03:25:24.311,0.90659,0.90683,1.00,1.00
2017.08.31 03:25:33.351,0.90659,0.90682,1.00,1.00
2017.08.31 03:25:33.886,0.90664,0.90687,1.00,1.00
2017.08.31 03:25:34.058,0.90667,0.90692,1.00,1.00
2017.08.31 03:25:34.625,0.90666,0.90689,1.00,1.00
2017.08.31 03:25:35.206,0.90667,0.9069,1.00,1.00
2017.08.31 03:25:45.677,0.90665,0.90689,1.00,1.00
2017.08.31 03:25:45.829,0.90662,0.90688,1.00,1.00
2017.08.31 03:25:47.880,0.90664,0.90687,1.00,1.00
2017.08.31 03:25:48.884,0.90663,0.90688,1.00,1.00
2017.08.31 03:26:03.345,0.90663,0.90685,1.00,1.00
2017.08.31 03:26:09.712,0.90662,0.90687,1.00,1.00
2017.08.31 03:26:10.213,0.90664,0.90686,1.00,1.00
2017.08.31 03:26:16.882,0.90663,0.90688,1.00,1.00
2017.08.31 03:26:17.883,0.90665,0.90688,1.00,1.00
2017.08.31 03:26:18.034,0.90662,0.90686,1.00,1.00
2017.08.31 03:26:19.019,0.90663,0.90686,1.00,1.00
2017.08.31 03:26:24.179,0.90661,0.90686,1.00,1.00
2017.08.31 03:26:24.705,0.90662,0.90687,1.00,1.00
2017.08.31 03:26:25.160,0.90662,0.90685,1.00,1.00
2017.08.31 03:26:25.284,0.9066,0.90685,1.00,1.00
2017.08.31 03:26:25.466,0.90659,0.90683,1.00,1.00
2017.08.31 03:26:26.411,0.9066,0.90683,1.00,1.00
2017.08.31 03:26:33.471,0.90661,0.90684,1.00,1.00
2017.08.31 03:26:45.721,0.90661,0.90686,1.00,1.00
2017.08.31 03:26:45.872,0.90664,0.90689,1.00,1.00
2017.08.31 03:26:53.481,0.90664,0.90687,1.00,1.00
2017.08.31 03:26:53.710,0.90659,0.90688,1.00,1.00
2017.08.31 03:26:54.130,0.90659,0.90685,1.00,1.00
2017.08.31 03:26:55.302,0.90658,0.90685,1.00,1.00
2017.08.31 03:27:03.531,0.90659,0.90685,1.00,1.00
2017.08.31 03:27:10.332,0.90659,0.90686,1.00,1.00
2017.08.31 03:27:25.363,0.9066,0.90686,1.00,1.00
2017.08.31 03:27:33.591,0.90659,0.90686,1.00,1.00
2017.08.31 03:27:35.434,0.90661,0.90687,1.00,1.00
2017.08.31 03:27:40.393,0.9066,0.90686,1.00,1.00
2017.08.31 03:27:43.556,0.90659,0.90686,1.00,1.00
2017.08.31 03:27:44.109,0.90658,0.90685,1.00,1.00
2017.08.31 03:27:48.621,0.90659,0.90686,1.00,1.00
2017.08.31 03:27:49.150,0.90659,0.90688,1.00,1.00
2017.08.31 03:27:55.423,0.90659,0.90687,1.00,1.00
2017.08.31 03:28:03.227,0.90658,0.90685,1.00,1.00
2017.08.31 03:28:03.541,0.9066,0.90686,1.00,1.00
2017.08.31 03:28:10.453,0.90658,0.90687,1.00,1.00
2017.08.31 03:28:11.056,0.90658,0.90685,1.00,1.00
2017.08.31 03:28:11.485,0.90658,0.90687,1.00,1.00
2017.08.31 03:28:13.971,0.90661,0.90688,1.00,1.00
2017.08.31 03:28:15.827,0.90663,0.90689,1.00,1.00
2017.08.31 03:28:16.974,0.90661,0.90688,1.00,1.00
2017.08.31 03:28:18.680,0.90662,0.90689,1.00,1.00
2017.08.31 03:28:22.975,0.90661,0.90688,1.00,1.00
2017.08.31 03:28:23.131,0.90666,0.90692,1.00,1.00
2017.08.31 03:28:23.327,0.90663,0.90692,2.25,1.00
2017.08.31 03:28:23.581,0.90661,0.90689,1.00,1.00
2017.08.31 03:28:24.104,0.9066,0.90689,1.00,1.00
2017.08.31 03:28:24.981,0.90662,0.90688,1.00,1.00
2017.08.31 03:28:30.927,0.9066,0.90687,1.00,1.00
2017.08.31 03:28:31.028,0.90659,0.90685,1.00,1.00
2017.08.31 03:28:31.129,0.90657,0.90684,1.00,1.00
2017.08.31 03:28:31.181,0.90656,0.90682,1.00,1.00
2017.08.31 03:28:31.483,0.90659,0.90685,1.00,1.00
2017.08.31 03:28:31.534,0.90661,0.90688,1.00,1.00
2017.08.31 03:28:32.005,0.9066,0.90686,1.00,1.00
2017.08.31 03:28:32.417,0.90661,0.90688,1.00,1.00
2017.08.31 03:28:33.419,0.90662,0.90688,1.00,1.00
2017.08.31 03:28:36.732,0.90662,0.90691,1.00,1.00
2017.08.31 03:28:40.512,0.90662,0.9069,1.00,1.00
2017.08.31 03:28:48.239,0.90663,0.9069,1.00,1.00
2017.08.31 03:28:49.242,0.90662,0.9069,1.00,1.00
2017.08.31 03:28:51.595,0.90661,0.90689,1.00,1.00
2017.08.31 03:28:52.276,0.90662,0.9069,1.00,1.00
2017.08.31 03:28:53.234,0.90663,0.9069,1.00,1.00
2017.08.31 03:28:55.543,0.90662,0.9069,1.00,1.00
2017.08.31 03:29:03.817,0.90662,0.90689,1.00,1.00
2017.08.31 03:29:06.556,0.90665,0.90693,1.00,1.00
2017.08.31 03:29:06.606,0.90663,0.9069,1.00,1.00
2017.08.31 03:29:06.657,0.90664,0.90692,1.00,1.00
2017.08.31 03:29:06.708,0.90666,0.90694,1.00,1.00
2017.08.31 03:29:10.190,0.90666,0.90693,1.00,1.00
2017.08.31 03:29:10.719,0.90667,0.90694,1.00,1.00
2017.08.31 03:29:13.915,0.90668,0.90697,1.00,1.00
2017.08.31 03:29:14.016,0.9067,0.90697,1.00,1.00
2017.08.31 03:29:17.098,0.90673,0.907,1.00,1.00
2017.08.31 03:29:22.976,0.90674,0.90702,1.00,1.00
2017.08.31 03:29:24.857,0.90673,0.907,1.50,1.00
2017.08.31 03:29:25.603,0.90674,0.90703,1.00,1.00
2017.08.31 03:29:25.904,0.90674,0.90701,1.00,1.00
2017.08.31 03:29:26.605,0.90674,0.90703,1.00,1.00
2017.08.31 03:29:27.392,0.90673,0.90701,1.00,1.00
2017.08.31 03:29:28.464,0.90674,0.90703,1.00,1.00
2017.08.31 03:29:31.112,0.90675,0.90704,1.00,1.00
2017.08.31 03:29:31.163,0.90673,0.90702,1.00,1.00
2017.08.31 03:29:31.466,0.90668,0.90695,1.00,1.00
2017.08.31 03:29:32.257,0.90668,0.90697,1.00,1.00
2017.08.31 03:29:33.830,0.90668,0.90695,1.00,1.00
2017.08.31 03:29:36.426,0.90673,0.90695,1.00,1.00
2017.08.31 03:29:36.527,0.90673,0.90697,1.00,1.00
2017.08.31 03:29:42.962,0.90668,0.90697,1.00,1.00
2017.08.31 03:29:43.013,0.90668,0.90695,1.50,1.00
2017.08.31 03:29:45.673,0.90672,0.90695,1.00,1.00
2017.08.31 03:29:45.761,0.90672,0.90698,1.00,1.00
2017.08.31 03:29:47.407,0.90669,0.90698,1.00,1.00
2017.08.31 03:29:47.609,0.90668,0.90695,1.50,1.00
2017.08.31 03:29:48.406,0.90673,0.90695,1.00,1.00
2017.08.31 03:29:48.608,0.90668,0.90695,1.50,1.00
2017.08.31 03:29:50.504,0.90666,0.90695,1.00,1.00
2017.08.31 03:29:50.555,0.90673,0.90695,1.00,1.00
2017.08.31 03:29:50.762,0.90672,0.90697,1.00,1.00
2017.08.31 03:29:51.621,0.90672,0.90695,1.00,1.00
2017.08.31 03:29:55.662,0.90672,0.90698,1.00,1.00
2017.08.31 03:29:57.073,0.90673,0.90698,1.00,1.00
2017.08.31 03:29:57.632,0.90672,0.90698,1.00,1.00
2017.08.31 03:29:59.471,0.90673,0.90698,1.00,1.00
2017.08.31 03:30:01.202,0.90673,0.90696,1.00,1.00
2017.08.31 03:30:01.303,0.90673,0.90698,1.00,1.00
2017.08.31 03:30:02.890,0.90673,0.90696,1.00,1.00
2017.08.31 03:30:03.672,0.90669,0.90696,1.00,1.00
2017.08.31 03:30:03.872,0.90667,0.90696,1.50,1.00
2017.08.31 03:30:04.197,0.90673,0.90696,1.00,1.00
2017.08.31 03:30:08.229,0.90673,0.90697,1.00,1.00
2017.08.31 03:30:12.710,0.9067,0.90697,1.00,1.00
2017.08.31 03:30:18.486,0.90672,0.90697,1.00,1.00
2017.08.31 03:30:18.579,0.90672,0.90699,1.00,1.00
2017.08.31 03:30:18.785,0.90673,0.90697,1.00,1.00
2017.08.31 03:30:18.835,0.9067,0.90697,1.00,1.00
2017.08.31 03:30:19.090,0.90668,0.90694,1.00,1.00
2017.08.31 03:30:19.754,0.90668,0.90695,1.50,1.00
2017.08.31 03:30:20.624,0.90668,0.90696,1.50,1.00
2017.08.31 03:30:20.791,0.90669,0.90698,1.00,1.00
2017.08.31 03:30:20.942,0.90666,0.90693,1.00,1.00
2017.08.31 03:30:21.099,0.90663,0.90692,1.00,1.00
2017.08.31 03:30:21.250,0.9066,0.90689,1.00,1.00
2017.08.31 03:30:22.930,0.90664,0.90691,1.00,1.50
2017.08.31 03:30:23.755,0.90665,0.90692,1.00,1.00
2017.08.31 03:30:25.715,0.90665,0.90694,1.00,1.00
2017.08.31 03:30:29.552,0.90663,0.90692,1.50,1.00
2017.08.31 03:30:33.942,0.90665,0.90692,1.00,1.00
2017.08.31 03:30:34.428,0.90667,0.90693,1.00,1.00
2017.08.31 03:30:34.646,0.90667,0.90696,1.50,1.50
2017.08.31 03:30:40.355,0.90667,0.90693,1.00,1.00
2017.08.31 03:30:40.860,0.90662,0.90691,1.00,1.00
2017.08.31 03:30:41.011,0.90664,0.90692,1.00,1.00
2017.08.31 03:30:41.371,0.90668,0.90693,1.00,1.00
2017.08.31 03:30:42.009,0.90668,0.90695,1.00,1.00
2017.08.31 03:31:02.825,0.90666,0.90695,1.00,1.00
2017.08.31 03:31:04.386,0.90665,0.90694,1.00,1.00
2017.08.31 03:31:07.611,0.90667,0.90694,1.00,1.00
2017.08.31 03:31:18.677,0.90667,0.90696,1.50,1.00
2017.08.31 03:31:19.719,0.90668,0.90694,1.00,1.00
2017.08.31 03:31:25.835,0.90667,0.90694,1.00,1.00
2017.08.31 03:31:33.561,0.90668,0.90695,1.00,1.00
2017.08.31 03:31:35.888,0.90669,0.90696,1.00,1.00
2017.08.31 03:31:45.830,0.90667,0.90696,1.00,1.00
2017.08.31 03:31:46.785,0.90667,0.90694,1.00,1.00
2017.08.31 03:31:47.049,0.90665,0.90694,1.00,1.00
2017.08.31 03:31:47.649,0.90667,0.90696,1.00,1.00
2017.08.31 03:31:48.398,0.90667,0.90694,1.00,1.00
2017.08.31 03:31:49.354,0.90666,0.90693,1.00,1.00
2017.08.31 03:31:50.489,0.90667,0.90696,1.00,1.00
2017.08.31 03:31:50.818,0.9067,0.90699,1.00,1.50
2017.08.31 03:32:00.384,0.90668,0.90698,1.00,1.00
2017.08.31 03:32:00.434,0.9067,0.90697,1.00,1.00
2017.08.31 03:32:00.485,0.90668,0.90698,1.00,1.50
2017.08.31 03:32:01.998,0.90668,0.90697,1.00,1.00
2017.08.31 03:32:02.469,0.90668,0.90695,1.00,1.00
2017.08.31 03:32:03.025,0.90668,0.90696,1.00,1.50
2017.08.31 03:32:03.622,0.90667,0.90694,1.00,1.00
2017.08.31 03:32:04.623,0.90667,0.90696,1.00,1.00
2017.08.31 03:32:07.754,0.90669,0.90696,1.00,1.50
2017.08.31 03:32:08.280,0.9067,0.90697,1.00,1.00
2017.08.31 03:32:09.549,0.90671,0.90698,1.00,1.00
2017.08.31 03:32:10.215,0.90668,0.90696,1.50,1.00
2017.08.31 03:32:10.319,0.90671,0.90698,1.00,1.00
2017.08.31 03:32:14.964,0.90668,0.90697,1.50,1.00
2017.08.31 03:32:15.512,0.90671,0.90698,1.00,1.00
2017.08.31 03:32:21.364,0.9067,0.90697,1.00,1.00
2017.08.31 03:32:44.051,0.90668,0.90695,1.00,1.00
2017.08.31 03:32:44.752,0.90668,0.90697,1.00,1.00
2017.08.31 03:32:48.712,0.9067,0.90697,1.00,1.00
2017.08.31 03:32:49.714,0.90669,0.90696,1.00,1.00
2017.08.31 03:32:55.243,0.90667,0.90697,1.00,1.00
2017.08.31 03:32:55.731,0.90667,0.90694,1.00,1.00
2017.08.31 03:32:56.033,0.90661,0.90688,1.00,1.00
2017.08.31 03:32:56.829,0.9066,0.90687,1.00,1.00
2017.08.31 03:32:59.355,0.90659,0.90686,1.00,1.00
2017.08.31 03:33:02.268,0.90659,0.90688,1.00,1.00
2017.08.31 03:33:03.742,0.9066,0.90689,1.00,1.00
2017.08.31 03:33:07.274,0.90662,0.90691,1.00,1.00
2017.08.31 03:33:07.817,0.90663,0.90692,1.00,1.00
2017.08.31 03:33:08.373,0.90665,0.90692,1.00,1.00
2017.08.31 03:33:21.674,0.90663,0.9069,1.00,1.00
2017.08.31 03:33:22.639,0.9066,0.90689,1.00,1.00
2017.08.31 03:33:22.806,0.90659,0.90686,1.00,1.00
2017.08.31 03:33:22.856,0.90655,0.90684,1.00,1.00
2017.08.31 03:33:23.840,0.90658,0.90685,1.00,1.00
2017.08.31 03:33:26.075,0.90656,0.90685,1.00,1.00
2017.08.31 03:33:28.094,0.90659,0.90688,1.00,1.00
2017.08.31 03:33:29.174,0.90662,0.90689,1.00,1.00
2017.08.31 03:33:30.696,0.90659,0.90686,1.00,1.00
2017.08.31 03:33:33.801,0.9066,0.90687,1.00,1.00
2017.08.31 03:33:39.857,0.90661,0.90688,1.00,1.00
2017.08.31 03:33:40.110,0.90663,0.90692,1.00,1.87
2017.08.31 03:33:40.739,0.90663,0.90689,1.00,1.00
2017.08.31 03:33:42.240,0.90663,0.90692,1.50,1.00
2017.08.31 03:33:42.341,0.90663,0.90689,1.00,1.00
2017.08.31 03:33:45.178,0.90663,0.90688,1.00,1.00
2017.08.31 03:33:55.842,0.90663,0.90692,1.50,1.00
2017.08.31 03:33:55.892,0.90667,0.90692,1.00,1.00
2017.08.31 03:33:57.280,0.90667,0.90694,1.00,1.00
2017.08.31 03:34:04.069,0.90665,0.90694,1.00,1.00
2017.08.31 03:34:04.235,0.90668,0.90694,1.00,1.00
2017.08.31 03:34:05.364,0.90669,0.90696,1.00,1.00
2017.08.31 03:34:09.113,0.90668,0.90696,1.00,1.00
2017.08.31 03:34:09.305,0.90667,0.90694,1.00,1.00
2017.08.31 03:34:10.660,0.90668,0.90695,1.00,1.00
2017.08.31 03:34:10.962,0.9067,0.90697,1.00,1.00
2017.08.31 03:34:11.634,0.9067,0.90698,1.00,1.00
2017.08.31 03:34:18.892,0.9067,0.90699,1.00,1.00
2017.08.31 03:34:19.972,0.9067,0.90697,1.00,1.00
2017.08.31 03:34:22.585,0.90667,0.90692,1.00,1.00
2017.08.31 03:34:23.456,0.90667,0.90691,1.00,1.00
2017.08.31 03:34:23.723,0.90663,0.9069,2.25,1.00
2017.08.31 03:34:27.719,0.90664,0.90691,1.00,1.00
2017.08.31 03:34:28.573,0.90668,0.90691,1.00,1.00
2017.08.31 03:34:28.928,0.90668,0.90693,1.00,1.00
2017.08.31 03:34:28.979,0.90668,0.90696,1.00,1.00
2017.08.31 03:34:30.092,0.90669,0.90696,1.00,1.00
2017.08.31 03:34:34.423,0.90667,0.90696,1.50,1.00
2017.08.31 03:34:40.161,0.90667,0.90694,1.50,1.00
2017.08.31 03:34:40.611,0.90663,0.9069,1.00,1.00
2017.08.31 03:34:40.929,0.90669,0.90696,1.00,1.00
2017.08.31 03:34:41.685,0.9067,0.90697,1.00,1.00
2017.08.31 03:34:43.978,0.90668,0.90697,1.00,1.00
2017.08.31 03:34:48.952,0.90668,0.90695,1.00,1.00
2017.08.31 03:34:49.489,0.90667,0.90695,1.00,1.00
2017.08.31 03:34:51.136,0.90668,0.90695,1.00,1.00
2017.08.31 03:34:52.853,0.90668,0.90692,1.00,1.00
2017.08.31 03:34:52.904,0.90665,0.90692,1.00,1.00
2017.08.31 03:34:52.954,0.90664,0.90689,1.00,1.00
2017.08.31 03:34:53.711,0.90663,0.90689,1.00,1.00
2017.08.31 03:34:54.354,0.90663,0.9069,1.50,1.00
2017.08.31 03:34:55.754,0.90664,0.90691,1.00,1.00
2017.08.31 03:34:56.334,0.90668,0.90691,1.00,1.00
2017.08.31 03:34:56.435,0.90668,0.90693,1.00,1.00
2017.08.31 03:34:56.671,0.90664,0.90693,1.00,1.00
2017.08.31 03:35:00.085,0.90666,0.90692,1.00,1.00
2017.08.31 03:35:04.125,0.90667,0.90692,1.00,1.00
2017.08.31 03:35:05.080,0.90667,0.90693,1.00,1.00
2017.08.31 03:35:05.281,0.90664,0.90692,1.00,1.00
2017.08.31 03:35:05.622,0.90663,0.9069,1.00,1.00
2017.08.31 03:35:05.945,0.90663,0.90688,1.00,1.00
2017.08.31 03:35:07.125,0.90662,0.90688,1.00,1.00
2017.08.31 03:35:08.173,0.90663,0.90688,1.00,1.00
2017.08.31 03:35:09.228,0.90663,0.90687,1.00,1.00
2017.08.31 03:35:26.317,0.90663,0.90686,1.00,1.00
2017.08.31 03:35:32.357,0.90659,0.90686,1.00,1.00
2017.08.31 03:35:32.880,0.90658,0.90685,1.00,1.00
2017.08.31 03:35:33.031,0.90654,0.90681,1.00,1.00
2017.08.31 03:35:33.183,0.90651,0.9068,1.50,1.00
2017.08.31 03:35:33.234,0.9065,0.90677,1.00,1.00
2017.08.31 03:35:34.023,0.90648,0.90677,1.50,1.00
2017.08.31 03:35:34.892,0.90649,0.90678,1.00,1.00
2017.08.31 03:35:35.051,0.90649,0.90676,1.00,1.00
2017.08.31 03:35:35.674,0.90646,0.90675,1.00,1.00
2017.08.31 03:35:36.627,0.90646,0.90674,1.00,1.00
2017.08.31 03:35:39.276,0.90645,0.90672,1.00,1.00
2017.08.31 03:35:41.347,0.90646,0.90673,1.00,1.00
2017.08.31 03:35:49.763,0.90644,0.90673,1.00,1.00
2017.08.31 03:35:56.376,0.90643,0.90672,1.50,1.00
2017.08.31 03:35:58.909,0.90643,0.9067,1.00,1.00
2017.08.31 03:36:01.010,0.90644,0.90671,1.00,1.00
2017.08.31 03:36:09.351,0.90644,0.90673,1.00,1.00
2017.08.31 03:36:10.256,0.90648,0.90673,1.00,1.00
2017.08.31 03:36:10.906,0.90648,0.90674,1.00,1.00
2017.08.31 03:36:11.925,0.90648,0.90673,1.00,1.00
2017.08.31 03:36:13.329,0.90648,0.90672,1.00,1.00
2017.08.31 03:36:19.195,0.90648,0.90674,1.00,1.00
2017.08.31 03:36:26.436,0.90648,0.90673,1.00,1.00
2017.08.31 03:36:30.076,0.90646,0.90673,1.00,1.00
2017.08.31 03:36:30.177,0.90643,0.9067,1.50,1.00
2017.08.31 03:36:30.500,0.9064,0.90667,1.00,1.00
2017.08.31 03:36:31.206,0.90638,0.90665,1.00,1.00
2017.08.31 03:36:34.665,0.90638,0.90667,1.00,1.00
2017.08.31 03:36:37.307,0.9064,0.90669,1.00,1.00
2017.08.31 03:36:40.269,0.90643,0.90669,1.00,1.00
2017.08.31 03:36:41.270,0.90643,0.9067,1.50,1.00
2017.08.31 03:36:41.422,0.90655,0.90683,1.00,1.87
2017.08.31 03:36:41.523,0.90658,0.90683,1.00,1.00
2017.08.31 03:36:41.624,0.90659,0.90688,1.00,1.00
2017.08.31 03:36:41.775,0.90662,0.90688,1.00,1.00
2017.08.31 03:36:42.343,0.90662,0.90689,1.00,1.00
2017.08.31 03:36:42.888,0.90663,0.90689,1.00,1.00
2017.08.31 03:36:43.238,0.90663,0.90685,1.00,1.00
2017.08.31 03:36:44.440,0.90663,0.90686,1.00,1.00
2017.08.31 03:36:44.490,0.90663,0.90688,1.00,1.00
2017.08.31 03:36:44.541,0.90663,0.90686,1.00,1.00
2017.08.31 03:36:45.443,0.90663,0.90688,1.00,1.00
2017.08.31 03:36:45.498,0.90663,0.90686,1.00,1.00
2017.08.31 03:36:45.843,0.90663,0.90688,1.00,1.00
2017.08.31 03:36:45.944,0.90662,0.90686,1.00,1.00
2017.08.31 03:36:46.745,0.90663,0.90682,1.00,1.00
2017.08.31 03:36:46.922,0.90663,0.90684,1.00,1.00
2017.08.31 03:36:47.293,0.90657,0.90684,1.00,1.00
2017.08.31 03:36:48.294,0.90659,0.90686,1.00,1.00
2017.08.31 03:36:49.208,0.90663,0.90686,1.00,1.00
2017.08.31 03:36:49.355,0.9066,0.90687,1.00,1.00
2017.08.31 03:36:49.695,0.90658,0.90685,1.00,1.00
2017.08.31 03:36:50.120,0.90663,0.90685,1.00,1.00
2017.08.31 03:36:50.246,0.90658,0.90685,1.50,1.00
2017.08.31 03:36:50.297,0.90662,0.90685,1.00,1.00
2017.08.31 03:36:51.754,0.90662,0.90687,1.00,1.00
2017.08.31 03:36:54.462,0.9066,0.90687,1.00,1.00
2017.08.31 03:37:07.041,0.9066,0.90689,1.00,1.00
2017.08.31 03:37:08.214,0.90659,0.90688,1.00,1.00
2017.08.31 03:37:26.556,0.90661,0.90688,1.00,1.00
2017.08.31 03:37:41.373,0.90662,0.90689,1.00,1.00
2017.08.31 03:38:11.647,0.90661,0.90688,1.00,1.00
2017.08.31 03:38:26.176,0.9066,0.90687,1.00,1.00
2017.08.31 03:38:30.939,0.90661,0.90688,1.00,1.00
2017.08.31 03:38:31.941,0.9066,0.90687,1.00,1.00
2017.08.31 03:38:32.001,0.90661,0.9069,1.00,1.00
2017.08.31 03:38:32.305,0.9066,0.90687,1.00,1.00
2017.08.31 03:38:32.672,0.90662,0.90689,1.00,1.00
2017.08.31 03:38:33.003,0.90661,0.90687,1.00,1.00
2017.08.31 03:38:33.201,0.90661,0.9069,1.00,1.00
2017.08.31 03:38:34.883,0.9066,0.90689,1.00,1.00
2017.08.31 03:38:35.442,0.90661,0.9069,1.00,1.00
2017.08.31 03:38:35.622,0.90661,0.90688,1.00,1.00
2017.08.31 03:38:36.000,0.90663,0.90689,1.00,1.00
2017.08.31 03:38:56.487,0.9066,0.90689,1.00,1.00
2017.08.31 03:38:56.737,0.90662,0.90689,1.00,1.00
2017.08.31 03:39:00.260,0.90664,0.90691,1.00,1.00
2017.08.31 03:39:00.938,0.90663,0.9069,1.00,1.00
2017.08.31 03:39:02.847,0.90662,0.90689,1.00,1.00
2017.08.31 03:39:04.283,0.90662,0.90691,1.00,1.00
2017.08.31 03:39:04.451,0.90661,0.90688,1.00,1.00
2017.08.31 03:39:05.054,0.90657,0.90686,1.50,1.00
2017.08.31 03:39:08.740,0.90659,0.90686,1.00,1.00
2017.08.31 03:39:17.471,0.9066,0.90687,1.00,1.00
2017.08.31 03:39:18.004,0.90661,0.90688,1.00,1.00
2017.08.31 03:39:18.853,0.90661,0.9069,1.00,1.00
2017.08.31 03:39:19.995,0.90661,0.90688,1.00,1.00
2017.08.31 03:39:24.465,0.90661,0.9069,1.00,1.00
2017.08.31 03:39:24.617,0.9066,0.90687,1.00,1.00
2017.08.31 03:39:30.327,0.9066,0.90689,1.00,1.00
2017.08.31 03:39:43.074,0.90662,0.90689,1.00,1.00
2017.08.31 03:39:43.309,0.90659,0.90688,1.00,1.00
2017.08.31 03:39:50.055,0.9066,0.90688,1.00,1.00
2017.08.31 03:39:51.203,0.90661,0.9069,1.00,1.00
2017.08.31 03:39:56.356,0.9066,0.90689,1.00,1.00
2017.08.31 03:40:03.147,0.90659,0.90688,1.00,1.00
2017.08.31 03:40:05.116,0.9066,0.90689,1.00,1.00
2017.08.31 03:40:11.886,0.90659,0.90688,1.00,1.00
2017.08.31 03:40:32.948,0.90654,0.90677,1.00,1.00
2017.08.31 03:40:32.998,0.90651,0.90677,1.00,1.00
2017.08.31 03:40:33.049,0.90648,0.90677,1.00,1.00
2017.08.31 03:40:33.242,0.90647,0.90674,1.00,1.00
2017.08.31 03:40:34.951,0.90645,0.90672,1.00,1.00
2017.08.31 03:40:35.469,0.90644,0.90671,1.00,1.00
2017.08.31 03:40:37.208,0.90642,0.90671,1.00,1.00
2017.08.31 03:40:43.473,0.90644,0.90671,1.00,1.00
2017.08.31 03:40:43.685,0.90645,0.90674,1.00,1.00
2017.08.31 03:40:50.174,0.90645,0.90672,1.00,1.00
2017.08.31 03:40:54.158,0.90644,0.90671,1.00,1.00
2017.08.31 03:40:54.309,0.9064,0.90668,1.00,1.00
2017.08.31 03:40:54.360,0.90638,0.90665,2.25,1.00
2017.08.31 03:40:54.522,0.90634,0.90663,1.00,1.00
2017.08.31 03:40:54.624,0.90633,0.90659,1.50,1.00
2017.08.31 03:40:56.116,0.90634,0.90661,1.00,1.00
2017.08.31 03:40:56.480,0.90634,0.90663,1.00,1.00
2017.08.31 03:40:57.449,0.90635,0.90664,1.00,1.00
2017.08.31 03:40:59.188,0.90634,0.90661,1.00,1.00
2017.08.31 03:40:59.716,0.90632,0.90661,1.50,1.00
2017.08.31 03:41:00.717,0.90632,0.90659,1.00,1.00
2017.08.31 03:41:02.795,0.90631,0.90658,1.00,1.00
2017.08.31 03:41:04.870,0.90629,0.90658,1.00,1.00
2017.08.31 03:41:04.971,0.90627,0.90654,1.50,1.00
2017.08.31 03:41:05.073,0.90627,0.90656,1.00,1.00
2017.08.31 03:41:05.126,0.90629,0.90658,1.00,1.50
2017.08.31 03:41:05.470,0.90627,0.90656,1.50,1.00
2017.08.31 03:41:05.836,0.90627,0.90654,1.00,1.00
2017.08.31 03:41:06.589,0.90629,0.90656,1.00,1.00
2017.08.31 03:41:06.914,0.90631,0.90658,1.00,1.00
2017.08.31 03:41:09.668,0.9063,0.90657,1.00,1.00
2017.08.31 03:41:11.150,0.90631,0.90658,1.00,1.00
2017.08.31 03:41:11.301,0.90632,0.90661,1.00,1.00
2017.08.31 03:41:11.352,0.90635,0.90662,1.00,1.00
2017.08.31 03:41:12.006,0.90637,0.90664,1.00,1.00
2017.08.31 03:41:12.446,0.90637,0.90666,1.00,1.00
2017.08.31 03:41:12.648,0.90635,0.90664,1.00,1.00
2017.08.31 03:41:12.977,0.90633,0.90662,1.00,1.00
2017.08.31 03:41:17.514,0.90635,0.90664,1.00,1.00
2017.08.31 03:41:17.838,0.90638,0.90665,1.00,1.00
2017.08.31 03:41:18.014,0.90635,0.90664,1.00,1.00
2017.08.31 03:41:18.138,0.90634,0.90661,1.00,1.00
2017.08.31 03:41:18.798,0.90633,0.9066,1.50,1.00
2017.08.31 03:41:24.612,0.90634,0.90661,1.00,1.00
2017.08.31 03:41:26.535,0.90633,0.9066,1.00,1.00
2017.08.31 03:41:27.537,0.90633,0.90662,1.00,1.00
2017.08.31 03:41:28.351,0.90636,0.90663,1.00,1.00
2017.08.31 03:41:28.452,0.90637,0.90666,1.00,1.00
2017.08.31 03:41:28.704,0.90639,0.90666,1.00,1.00
2017.08.31 03:41:29.998,0.9064,0.90669,1.00,1.00
2017.08.31 03:41:30.251,0.90639,0.90667,1.00,1.00
2017.08.31 03:41:32.408,0.90638,0.90665,1.00,1.00
2017.08.31 03:41:32.989,0.90637,0.90664,1.50,1.00
2017.08.31 03:41:33.400,0.90635,0.90662,1.00,1.00
2017.08.31 03:41:33.451,0.90633,0.90662,1.50,1.00
2017.08.31 03:41:34.175,0.90635,0.90661,1.00,1.00
2017.08.31 03:41:34.425,0.90633,0.9066,1.00,1.00
2017.08.31 03:41:35.452,0.90634,0.90661,1.00,1.00
2017.08.31 03:41:37.159,0.90635,0.90662,1.00,1.00
2017.08.31 03:41:37.316,0.90635,0.90664,1.00,1.00
2017.08.31 03:41:37.866,0.90632,0.90661,1.00,1.00
2017.08.31 03:41:38.231,0.90631,0.90658,1.00,1.00
2017.08.31 03:41:38.538,0.90635,0.90662,1.00,1.00
2017.08.31 03:41:42.981,0.90637,0.90665,1.00,1.00
2017.08.31 03:41:43.132,0.9064,0.90669,1.00,1.00
2017.08.31 03:41:43.284,0.90643,0.9067,1.00,1.00
2017.08.31 03:41:43.334,0.90644,0.90673,1.00,1.37
2017.08.31 03:41:43.879,0.90644,0.90673,1.00,1.00
2017.08.31 03:41:44.413,0.90645,0.90674,1.00,1.00
2017.08.31 03:41:44.463,0.90648,0.90677,1.00,1.00
2017.08.31 03:41:44.766,0.90652,0.90679,1.00,1.00
2017.08.31 03:41:45.376,0.90649,0.90678,1.00,1.00
2017.08.31 03:41:45.953,0.90651,0.9068,1.00,1.00
2017.08.31 03:41:46.418,0.90649,0.90678,1.00,1.00
2017.08.31 03:41:50.295,0.90651,0.9068,1.00,1.00
2017.08.31 03:41:50.639,0.90645,0.90672,1.00,1.00
2017.08.31 03:41:51.363,0.90643,0.90671,1.00,1.00
2017.08.31 03:41:51.724,0.90641,0.9067,1.00,1.00
2017.08.31 03:41:52.274,0.90642,0.9067,1.00,1.00
2017.08.31 03:41:54.258,0.90642,0.90669,1.00,1.00
2017.08.31 03:41:54.750,0.9064,0.90669,1.00,1.00
2017.08.31 03:41:55.974,0.90643,0.90669,1.00,1.00
2017.08.31 03:41:56.752,0.90643,0.9067,1.50,1.00
2017.08.31 03:41:57.485,0.90644,0.90671,1.00,1.00
2017.08.31 03:42:04.823,0.90643,0.9067,1.00,1.00
2017.08.31 03:42:05.826,0.90643,0.90672,1.00,1.00
2017.08.31 03:42:08.778,0.90645,0.90672,1.00,1.00
2017.08.31 03:42:13.274,0.90644,0.90671,1.00,1.00
2017.08.31 03:42:13.408,0.90644,0.90673,1.00,1.00
2017.08.31 03:42:14.896,0.90647,0.90673,1.00,1.00
2017.08.31 03:42:15.100,0.90644,0.90673,1.00,1.00
2017.08.31 03:42:15.424,0.90647,0.90674,1.00,1.00
2017.08.31 03:42:16.473,0.90646,0.90673,1.00,1.00
2017.08.31 03:42:18.200,0.90647,0.90674,1.50,1.00
2017.08.31 03:42:19.258,0.90647,0.90676,1.50,1.00
2017.08.31 03:42:20.204,0.90647,0.90674,1.50,1.00
2017.08.31 03:42:25.075,0.90648,0.90675,1.00,1.00
2017.08.31 03:42:25.219,0.90648,0.90677,1.00,1.00
2017.08.31 03:42:25.375,0.90651,0.9068,1.00,1.00
2017.08.31 03:42:25.678,0.90659,0.90686,1.00,1.00
2017.08.31 03:42:32.262,0.90659,0.90688,1.00,1.00
2017.08.31 03:42:32.932,0.90658,0.90687,1.50,1.00
2017.08.31 03:42:35.451,0.9066,0.90687,1.00,1.00
2017.08.31 03:42:36.919,0.90659,0.90686,1.00,1.00
2017.08.31 03:42:38.088,0.9066,0.90689,1.00,1.00
2017.08.31 03:42:38.655,0.90659,0.90687,1.00,1.00
2017.08.31 03:42:41.685,0.90659,0.90686,1.00,1.00
2017.08.31 03:42:41.841,0.9066,0.90689,1.00,1.00
2017.08.31 03:42:44.227,0.90662,0.90691,1.00,1.00
2017.08.31 03:42:44.557,0.90669,0.90698,1.00,1.00
2017.08.31 03:42:45.393,0.90669,0.90696,1.00,1.00
2017.08.31 03:42:46.783,0.90669,0.90698,1.00,1.00
2017.08.31 03:42:47.786,0.90668,0.90697,1.00,1.00
2017.08.31 03:42:49.560,0.90669,0.90698,1.00,1.00
2017.08.31 03:42:57.216,0.90669,0.90696,1.00,1.00
2017.08.31 03:43:05.444,0.90669,0.90698,1.00,1.00
2017.08.31 03:43:20.101,0.90671,0.907,1.00,1.00
2017.08.31 03:43:20.453,0.90673,0.90699,1.00,1.00
2017.08.31 03:43:21.114,0.90673,0.90701,1.00,1.00
2017.08.31 03:43:26.849,0.90672,0.90701,1.50,1.00
2017.08.31 03:43:28.023,0.90673,0.90702,1.00,1.00
2017.08.31 03:43:35.076,0.90673,0.907,1.00,1.00
2017.08.31 03:43:35.127,0.90673,0.90702,1.00,1.00
2017.08.31 03:43:35.256,0.90673,0.907,1.50,1.00
2017.08.31 03:43:36.026,0.9067,0.90699,1.00,1.00
2017.08.31 03:43:36.728,0.90667,0.90693,1.00,1.00
2017.08.31 03:43:36.779,0.9066,0.90689,1.50,1.00
2017.08.31 03:43:36.886,0.9066,0.90686,1.00,1.00
2017.08.31 03:43:37.235,0.90661,0.9069,1.00,1.00
2017.08.31 03:43:37.387,0.90659,0.90686,1.00,1.00
2017.08.31 03:43:37.856,0.90659,0.90688,1.00,1.00
2017.08.31 03:43:37.957,0.90661,0.9069,1.00,1.00
2017.08.31 03:43:38.271,0.90667,0.90694,1.00,1.00
2017.08.31 03:43:38.857,0.90667,0.90696,1.00,1.00
2017.08.31 03:43:40.808,0.90665,0.90692,1.00,1.00
2017.08.31 03:43:40.859,0.90659,0.90689,1.00,1.00
2017.08.31 03:43:40.910,0.90659,0.90679,1.00,1.00
2017.08.31 03:43:40.961,0.90657,0.90679,1.12,1.00
2017.08.31 03:43:41.062,0.90653,0.9068,1.00,1.00
2017.08.31 03:43:41.113,0.90651,0.90674,1.00,1.00
2017.08.31 03:43:41.163,0.90647,0.90674,1.87,1.00
2017.08.31 03:43:41.466,0.90641,0.9067,1.00,1.00
2017.08.31 03:43:42.125,0.90644,0.90671,1.00,1.00
2017.08.31 03:43:42.620,0.90646,0.90675,1.00,1.00
2017.08.31 03:43:46.809,0.90646,0.90673,1.00,1.00
2017.08.31 03:43:48.743,0.90648,0.90675,1.00,1.00
2017.08.31 03:43:50.635,0.90646,0.90675,1.00,1.00
2017.08.31 03:43:51.742,0.90645,0.90674,1.00,1.00
2017.08.31 03:44:00.111,0.90644,0.90671,1.00,1.00
2017.08.31 03:44:00.414,0.90646,0.90673,1.00,1.00
2017.08.31 03:44:03.862,0.90641,0.90669,1.00,1.00
2017.08.31 03:44:03.913,0.90637,0.90665,2.62,1.00
2017.08.31 03:44:04.215,0.90635,0.90662,1.00,1.00
2017.08.31 03:44:04.903,0.90636,0.90665,1.00,1.00
2017.08.31 03:44:05.021,0.90639,0.90666,1.00,1.00
2017.08.31 03:44:05.324,0.90641,0.90668,1.00,1.00
2017.08.31 03:44:06.242,0.90642,0.90671,1.00,1.00
2017.08.31 03:44:07.095,0.90644,0.90671,1.00,1.00
2017.08.31 03:44:07.196,0.90645,0.90674,1.00,1.00
2017.08.31 03:44:07.247,0.90647,0.90674,1.00,1.00
2017.08.31 03:44:07.550,0.90643,0.90672,1.00,1.00
2017.08.31 03:44:07.651,0.90641,0.90667,1.00,1.00
2017.08.31 03:44:08.636,0.90641,0.90668,1.00,1.00
2017.08.31 03:44:08.807,0.90639,0.90668,1.00,1.00
2017.08.31 03:44:08.976,0.90642,0.90669,1.00,1.00
2017.08.31 03:44:09.308,0.9064,0.90667,1.00,1.00
2017.08.31 03:44:09.809,0.90638,0.90665,1.00,1.00
2017.08.31 03:44:09.860,0.90634,0.90663,1.00,1.00
2017.08.31 03:44:09.910,0.90632,0.90659,1.50,1.00
2017.08.31 03:44:10.107,0.90627,0.90655,1.00,1.00
2017.08.31 03:44:10.158,0.90624,0.90651,1.50,1.00
2017.08.31 03:44:10.510,0.90626,0.90655,1.00,1.00
2017.08.31 03:44:10.612,0.90631,0.90658,1.00,1.00
2017.08.31 03:44:10.914,0.90632,0.9066,1.00,1.00
2017.08.31 03:44:11.357,0.90633,0.90662,1.00,1.00
2017.08.31 03:44:24.536,0.90633,0.9066,1.00,1.00
2017.08.31 03:44:24.845,0.90635,0.90662,1.00,1.00
2017.08.31 03:44:25.151,0.90635,0.90664,1.00,1.00
2017.08.31 03:44:25.728,0.90636,0.90664,1.00,1.00
2017.08.31 03:44:26.765,0.90636,0.90662,1.00,1.00
2017.08.31 03:44:28.229,0.90636,0.90663,1.00,1.00
2017.08.31 03:44:32.358,0.90637,0.90664,1.00,1.00
2017.08.31 03:44:37.777,0.90638,0.90664,1.00,1.00
2017.08.31 03:44:41.926,0.90638,0.90663,1.00,1.00
2017.08.31 03:44:42.502,0.90638,0.90662,1.00,1.00
2017.08.31 03:44:43.386,0.90635,0.90662,1.00,1.00
2017.08.31 03:44:44.309,0.90633,0.9066,1.00,1.00
2017.08.31 03:44:46.589,0.90633,0.90662,1.00,1.00
2017.08.31 03:45:05.683,0.90634,0.90663,1.00,1.00
2017.08.31 03:45:20.713,0.90636,0.90663,1.00,1.00
2017.08.31 03:45:21.719,0.90635,0.90662,1.00,1.00
2017.08.31 03:45:25.187,0.90636,0.90663,1.00,1.00
2017.08.31 03:45:25.977,0.90638,0.90663,1.00,1.00
2017.08.31 03:45:26.078,0.90638,0.90666,1.00,1.00
2017.08.31 03:45:27.724,0.90638,0.90665,1.00,1.00
2017.08.31 03:45:28.379,0.90638,0.90664,1.00,1.00
2017.08.31 03:45:33.797,0.90635,0.90664,1.00,1.00
2017.08.31 03:45:35.269,0.90634,0.90661,1.00,1.00
2017.08.31 03:45:36.744,0.90633,0.9066,1.50,1.00
2017.08.31 03:45:36.845,0.90634,0.90663,1.00,1.00
2017.08.31 03:45:37.798,0.90636,0.90663,1.00,1.00
2017.08.31 03:45:38.249,0.90636,0.90665,1.00,1.00
2017.08.31 03:45:38.941,0.90638,0.90666,1.00,1.00
2017.08.31 03:45:39.759,0.90637,0.90666,1.50,1.00
2017.08.31 03:45:40.062,0.90637,0.90664,1.00,1.00
2017.08.31 03:45:40.652,0.90635,0.90664,1.00,1.00
2017.08.31 03:45:50.804,0.90634,0.90663,1.00,1.00
2017.08.31 03:45:51.775,0.90633,0.90663,1.00,1.00
2017.08.31 03:45:51.986,0.90636,0.90663,1.00,1.00
2017.08.31 03:45:52.624,0.90633,0.90663,1.00,1.00
2017.08.31 03:45:52.674,0.90629,0.90656,1.00,1.00
2017.08.31 03:45:52.725,0.9063,0.90659,1.00,1.00
2017.08.31 03:45:52.977,0.90632,0.90659,1.00,1.00
2017.08.31 03:45:59.839,0.90634,0.90661,1.00,1.00
2017.08.31 03:46:00.150,0.90632,0.90659,1.00,1.00
2017.08.31 03:46:04.462,0.90631,0.90658,1.00,1.00
2017.08.31 03:46:05.124,0.90633,0.9066,1.00,1.00
2017.08.31 03:46:05.344,0.90633,0.90662,1.00,1.00
2017.08.31 03:46:19.519,0.90633,0.9066,1.00,1.00
2017.08.31 03:46:19.569,0.90633,0.90662,1.00,1.50
2017.08.31 03:46:19.620,0.90631,0.9066,1.00,1.00
2017.08.31 03:46:19.958,0.90633,0.90662,1.00,1.00
2017.08.31 03:46:22.233,0.90631,0.9066,1.00,1.00
2017.08.31 03:46:32.859,0.90632,0.9066,1.00,1.00
2017.08.31 03:46:33.172,0.90634,0.90661,1.00,1.00
2017.08.31 03:46:35.862,0.90633,0.9066,1.00,1.00
2017.08.31 03:46:42.665,0.90633,0.90661,1.00,1.00
2017.08.31 03:46:43.781,0.90632,0.90659,1.00,1.00
2017.08.31 03:46:50.892,0.9063,0.90659,1.00,1.00
2017.08.31 03:46:53.476,0.90633,0.90659,1.00,1.00
2017.08.31 03:46:54.080,0.90633,0.9066,1.00,1.00
2017.08.31 03:47:00.305,0.9063,0.90659,1.00,1.00
2017.08.31 03:47:00.824,0.90633,0.9066,1.00,1.00
2017.08.31 03:47:01.339,0.90633,0.90662,1.50,1.00
2017.08.31 03:47:01.554,0.90632,0.90659,1.00,1.00
2017.08.31 03:47:01.605,0.90633,0.90662,1.00,1.00
2017.08.31 03:47:01.715,0.90632,0.90659,1.00,1.00
2017.08.31 03:47:02.706,0.9063,0.90659,1.00,1.00
2017.08.31 03:47:05.421,0.90632,0.90659,1.00,1.00
2017.08.31 03:47:06.423,0.90631,0.90659,1.00,1.00
2017.08.31 03:47:09.038,0.90633,0.9066,1.00,1.00
2017.08.31 03:47:14.537,0.90631,0.90658,1.00,1.00
2017.08.31 03:47:15.063,0.90632,0.90659,1.00,1.00
2017.08.31 03:47:15.613,0.90631,0.90658,1.00,1.00
2017.08.31 03:47:16.576,0.90629,0.90659,1.00,1.00
2017.08.31 03:47:16.988,0.90629,0.90657,1.00,1.00
2017.08.31 03:47:17.620,0.90633,0.9066,1.00,1.00
2017.08.31 03:47:18.497,0.90631,0.9066,1.00,1.00
2017.08.31 03:47:20.952,0.90631,0.90658,1.00,1.00
2017.08.31 03:47:25.032,0.90632,0.90658,1.00,1.00
2017.08.31 03:47:25.335,0.90628,0.90657,1.00,1.00
2017.08.31 03:47:25.486,0.90632,0.90659,1.00,1.00
2017.08.31 03:47:27.287,0.9063,0.90657,1.00,1.00
2017.08.31 03:47:35.982,0.90628,0.90657,1.50,1.00
2017.08.31 03:47:41.263,0.9063,0.90659,1.00,1.00
2017.08.31 03:47:41.648,0.90632,0.90659,1.00,1.00
2017.08.31 03:47:42.160,0.90633,0.90659,1.00,1.00
2017.08.31 03:47:43.612,0.90633,0.90658,1.00,1.00
2017.08.31 03:47:44.438,0.90633,0.9066,1.50,1.00
2017.08.31 03:47:44.489,0.90633,0.90662,1.50,1.50
2017.08.31 03:47:45.441,0.90635,0.90662,1.00,1.00
2017.08.31 03:48:06.042,0.90636,0.90663,1.00,1.00
2017.08.31 03:48:06.470,0.90633,0.90662,1.50,1.00
2017.08.31 03:48:06.521,0.90636,0.90663,1.00,1.00
2017.08.31 03:48:13.770,0.90634,0.90662,1.00,1.00
2017.08.31 03:48:14.274,0.90632,0.90662,1.00,1.00
2017.08.31 03:48:14.472,0.90631,0.90658,1.00,1.00
2017.08.31 03:48:14.724,0.90632,0.90661,1.00,1.50
2017.08.31 03:48:15.027,0.90634,0.90661,1.00,1.00
2017.08.31 03:48:15.282,0.90635,0.90664,1.00,1.50
2017.08.31 03:48:17.722,0.90634,0.90661,1.00,1.00
2017.08.31 03:48:19.670,0.90635,0.90662,1.00,1.00
2017.08.31 03:48:23.333,0.90633,0.90661,1.00,1.00
2017.08.31 03:48:23.903,0.90634,0.90661,1.00,1.00
2017.08.31 03:48:25.068,0.90633,0.9066,1.50,1.00
2017.08.31 03:48:26.484,0.90633,0.90662,1.50,1.00
2017.08.31 03:48:36.053,0.90637,0.90662,1.00,1.00
2017.08.31 03:48:36.522,0.90637,0.9066,1.00,1.00
2017.08.31 03:48:36.573,0.90633,0.9066,1.50,1.00
2017.08.31 03:48:37.410,0.90635,0.90664,1.00,1.00
2017.08.31 03:48:37.699,0.90633,0.90662,1.50,1.00
2017.08.31 03:48:38.261,0.90635,0.90664,1.00,1.00
2017.08.31 03:48:38.779,0.90636,0.90663,1.00,1.00
2017.08.31 03:48:40.160,0.90634,0.90661,1.00,1.00
2017.08.31 03:48:48.799,0.90636,0.90663,1.00,1.00
2017.08.31 03:48:49.896,0.90634,0.90663,1.00,1.00
2017.08.31 03:48:50.664,0.90633,0.90662,1.50,1.00
2017.08.31 03:48:51.144,0.90633,0.9066,1.00,1.00
2017.08.31 03:48:51.326,0.90634,0.90663,1.00,1.00
2017.08.31 03:48:51.732,0.90633,0.9066,1.00,1.00
2017.08.31 03:48:53.412,0.90631,0.90658,1.00,1.00
2017.08.31 03:48:53.850,0.90633,0.9066,1.00,1.00
2017.08.31 03:48:54.355,0.90632,0.90659,1.00,1.00
2017.08.31 03:48:54.683,0.90631,0.90657,1.00,1.00
2017.08.31 03:48:55.428,0.9063,0.90656,1.00,1.00
2017.08.31 03:48:57.450,0.9063,0.90658,1.00,1.00
2017.08.31 03:48:59.071,0.9063,0.90659,1.00,1.00
2017.08.31 03:48:59.367,0.90631,0.90657,1.00,1.00
2017.08.31 03:49:04.614,0.90632,0.90658,1.00,1.00
2017.08.31 03:49:05.176,0.90631,0.90659,1.00,1.00
2017.08.31 03:49:05.615,0.90631,0.90657,1.00,1.00
2017.08.31 03:49:06.162,0.9063,0.90656,1.00,1.00
2017.08.31 03:49:10.047,0.90626,0.90652,1.50,1.00
2017.08.31 03:49:10.149,0.90623,0.90651,1.00,1.00
2017.08.31 03:49:11.002,0.90621,0.9065,1.00,1.00
2017.08.31 03:49:13.016,0.90623,0.90649,1.00,1.00
2017.08.31 03:49:13.622,0.90624,0.9065,1.00,1.00
2017.08.31 03:49:14.222,0.90622,0.90648,1.50,1.00
2017.08.31 03:49:14.879,0.90623,0.90649,1.00,1.00
2017.08.31 03:49:15.067,0.9062,0.90648,1.50,1.00
2017.08.31 03:49:15.291,0.90623,0.90649,1.00,1.00
2017.08.31 03:49:16.028,0.90623,0.90651,1.00,1.00
2017.08.31 03:49:21.192,0.90623,0.90649,1.00,1.00
2017.08.31 03:49:24.885,0.90622,0.90648,1.50,1.00
2017.08.31 03:49:27.994,0.90623,0.90649,1.00,1.00
2017.08.31 03:49:28.818,0.90622,0.90648,1.00,1.00
2017.08.31 03:49:29.321,0.90623,0.90649,1.00,1.00
2017.08.31 03:49:31.359,0.90624,0.9065,1.00,1.00
2017.08.31 03:49:41.688,0.90624,0.90651,1.00,1.00
2017.08.31 03:49:42.525,0.90624,0.9065,1.00,1.00
2017.08.31 03:49:47.565,0.90622,0.9065,1.50,1.00
2017.08.31 03:49:49.981,0.90622,0.90648,1.00,1.00
2017.08.31 03:49:50.283,0.90617,0.90643,1.00,1.00
2017.08.31 03:49:50.610,0.90622,0.90647,1.00,1.00
2017.08.31 03:49:52.173,0.90621,0.90649,1.00,1.00
2017.08.31 03:49:57.241,0.90621,0.90647,1.00,1.00
2017.08.31 03:49:57.553,0.90619,0.90647,1.50,1.00
2017.08.31 03:50:05.782,0.90621,0.90647,1.00,1.00
2017.08.31 03:50:05.883,0.90624,0.90652,1.00,1.00
2017.08.31 03:50:05.984,0.90622,0.9065,1.50,1.00
2017.08.31 03:50:06.449,0.90628,0.90656,1.00,2.25
2017.08.31 03:50:06.950,0.90627,0.90655,1.00,1.12
2017.08.31 03:50:07.265,0.9063,0.90656,1.00,1.50
2017.08.31 03:50:07.568,0.90633,0.90656,1.00,1.00
2017.08.31 03:50:08.425,0.90631,0.90656,1.00,1.00
2017.08.31 03:50:10.152,0.90631,0.90657,1.00,1.50
2017.08.31 03:50:12.583,0.90629,0.90658,1.00,1.00
2017.08.31 03:50:13.393,0.90629,0.90655,1.00,1.00
2017.08.31 03:50:14.344,0.9063,0.90656,1.00,1.00
2017.08.31 03:50:14.596,0.90631,0.90659,1.00,1.00
2017.08.31 03:50:15.473,0.9063,0.90658,1.00,1.00
2017.08.31 03:50:15.627,0.90632,0.90658,1.00,1.00
2017.08.31 03:50:17.573,0.90631,0.90657,1.00,1.00
2017.08.31 03:50:18.952,0.90633,0.9066,1.00,1.00
2017.08.31 03:50:19.053,0.90635,0.90661,1.00,1.00
2017.08.31 03:50:19.462,0.90631,0.90657,1.00,1.00
2017.08.31 03:50:19.563,0.90629,0.90657,1.00,1.00
2017.08.31 03:50:19.899,0.90633,0.90659,1.00,1.00
2017.08.31 03:50:28.115,0.90633,0.90661,1.00,1.00
2017.08.31 03:50:32.833,0.90631,0.90659,1.00,1.00
2017.08.31 03:50:33.137,0.90629,0.90657,1.00,1.00
2017.08.31 03:50:34.445,0.9063,0.90658,1.00,1.00
2017.08.31 03:50:38.746,0.90631,0.90659,1.00,1.00
2017.08.31 03:50:39.094,0.90633,0.90659,1.00,1.00
2017.08.31 03:50:40.078,0.90632,0.90658,1.00,1.00
2017.08.31 03:50:40.499,0.90633,0.90661,1.00,1.00
2017.08.31 03:50:41.076,0.90632,0.90658,1.00,1.00
2017.08.31 03:50:41.751,0.90633,0.90661,1.00,1.00
2017.08.31 03:50:42.813,0.90633,0.90659,1.50,1.00
2017.08.31 03:50:42.914,0.9063,0.90658,1.00,1.00
2017.08.31 03:50:43.820,0.9063,0.90656,1.00,1.00
2017.08.31 03:50:44.486,0.90632,0.90658,1.00,1.00
2017.08.31 03:50:45.031,0.9063,0.90658,1.00,1.00
2017.08.31 03:50:51.373,0.90631,0.90659,1.00,1.00
2017.08.31 03:50:58.175,0.9063,0.90658,1.00,1.00
2017.08.31 03:51:00.676,0.90631,0.90659,1.00,1.00
2017.08.31 03:51:01.695,0.90633,0.90659,1.00,1.00
2017.08.31 03:51:02.203,0.90631,0.90657,1.00,1.00
2017.08.31 03:51:06.431,0.9063,0.90656,1.00,1.00
2017.08.31 03:51:11.306,0.90631,0.90657,1.00,1.00
2017.08.31 03:51:11.633,0.90633,0.90659,1.50,1.00
2017.08.31 03:51:12.396,0.90633,0.90661,1.00,1.00
2017.08.31 03:51:13.212,0.90633,0.90658,1.00,1.00
2017.08.31 03:51:17.931,0.90632,0.90658,1.00,1.00
2017.08.31 03:51:19.224,0.90633,0.90658,1.00,1.00
2017.08.31 03:51:20.073,0.90632,0.90658,1.00,1.00
2017.08.31 03:51:21.173,0.90631,0.90657,1.00,1.00
2017.08.31 03:51:21.478,0.90633,0.90657,1.00,1.00
2017.08.31 03:51:21.579,0.90633,0.90659,1.00,1.00
2017.08.31 03:51:22.564,0.90633,0.9066,1.00,1.00
2017.08.31 03:51:24.083,0.90631,0.90659,1.00,1.00
2017.08.31 03:51:24.325,0.9063,0.90657,1.00,1.00
2017.08.31 03:51:25.627,0.90631,0.90657,1.00,1.00
2017.08.31 03:51:26.478,0.90629,0.90655,1.00,1.00
2017.08.31 03:51:28.235,0.9063,0.90656,1.00,1.00
2017.08.31 03:51:28.784,0.9063,0.90658,1.00,1.12
2017.08.31 03:51:31.468,0.90632,0.90658,1.00,1.00
2017.08.31 03:51:31.777,0.90634,0.9066,1.00,1.00
2017.08.31 03:51:32.952,0.90633,0.90658,1.00,1.00
2017.08.31 03:51:33.103,0.90631,0.90657,1.00,1.00
2017.08.31 03:51:34.588,0.90632,0.9066,1.00,1.00
2017.08.31 03:51:36.463,0.90631,0.9066,1.00,1.00
2017.08.31 03:51:39.209,0.90633,0.90661,1.00,1.00
2017.08.31 03:51:46.403,0.90634,0.90662,1.00,1.00
2017.08.31 03:51:47.390,0.90634,0.9066,1.00,1.00
2017.08.31 03:51:50.091,0.90635,0.90661,1.00,1.00
2017.08.31 03:51:50.274,0.90633,0.90661,1.00,1.00
2017.08.31 03:51:51.236,0.90632,0.9066,1.00,1.00
2017.08.31 03:51:57.150,0.90628,0.90654,1.00,1.00
2017.08.31 03:51:57.201,0.90629,0.90657,1.00,1.00
2017.08.31 03:52:05.447,0.9063,0.90658,1.00,1.00
2017.08.31 03:52:05.498,0.90632,0.9066,1.00,1.00
2017.08.31 03:52:05.822,0.90631,0.90657,1.00,1.00
2017.08.31 03:52:06.334,0.9063,0.90657,1.00,1.00
2017.08.31 03:52:08.254,0.90629,0.90657,1.00,1.00
2017.08.31 03:52:08.575,0.90628,0.90654,1.50,1.00
2017.08.31 03:52:09.273,0.90629,0.90655,1.00,1.00
2017.08.31 03:52:13.325,0.9063,0.90656,1.00,1.00
2017.08.31 03:52:14.059,0.9063,0.90657,1.00,1.00
2017.08.31 03:52:20.076,0.9063,0.90658,1.00,1.00
2017.08.31 03:52:26.059,0.90631,0.9066,1.00,1.00
2017.08.31 03:52:26.608,0.90631,0.90657,1.00,1.00
2017.08.31 03:52:27.610,0.90629,0.90657,1.00,1.00
2017.08.31 03:52:28.299,0.90632,0.90658,1.00,1.00
2017.08.31 03:52:36.583,0.90631,0.90657,1.00,1.00
2017.08.31 03:52:42.913,0.90629,0.90657,1.00,1.00
2017.08.31 03:52:46.035,0.90634,0.9066,1.00,1.00
2017.08.31 03:52:46.086,0.90632,0.90659,1.00,1.00
2017.08.31 03:52:46.237,0.9063,0.90658,1.00,1.00
2017.08.31 03:52:47.223,0.90629,0.90657,1.00,1.00
2017.08.31 03:52:50.685,0.9063,0.90658,1.00,1.00
2017.08.31 03:52:50.736,0.9063,0.90656,1.00,1.00
2017.08.31 03:52:50.786,0.90627,0.90655,1.00,1.00
2017.08.31 03:52:57.914,0.90627,0.90653,1.00,1.00
2017.08.31 03:53:03.257,0.90626,0.90652,1.00,1.00
2017.08.31 03:53:03.734,0.90626,0.90654,1.00,1.00
2017.08.31 03:53:06.258,0.90625,0.90653,1.00,1.00
2017.08.31 03:53:06.424,0.90624,0.9065,1.00,1.00
2017.08.31 03:53:06.942,0.90623,0.90649,1.00,1.00
2017.08.31 03:53:08.832,0.90625,0.90651,1.00,1.00
2017.08.31 03:53:11.121,0.90625,0.90653,1.00,1.00
2017.08.31 03:53:12.944,0.90624,0.90652,1.00,1.00
2017.08.31 03:53:14.053,0.90626,0.90652,1.00,1.00
2017.08.31 03:53:28.475,0.90625,0.90651,1.00,1.00
2017.08.31 03:53:30.958,0.90622,0.9065,1.00,1.00
2017.08.31 03:53:34.650,0.90624,0.9065,1.00,1.00
2017.08.31 03:53:36.703,0.90625,0.90651,1.00,1.00
2017.08.31 03:53:44.850,0.90623,0.90649,1.00,1.00
2017.08.31 03:53:44.901,0.90621,0.9065,1.00,1.00
2017.08.31 03:53:46.110,0.90615,0.90644,1.50,1.00
2017.08.31 03:53:46.419,0.90616,0.90642,1.00,1.00
2017.08.31 03:53:51.230,0.90616,0.90644,1.00,1.00
2017.08.31 03:53:52.218,0.90615,0.90643,1.00,1.00
2017.08.31 03:53:53.079,0.90614,0.90642,1.00,1.00
2017.08.31 03:53:58.535,0.90613,0.90642,1.00,1.00
2017.08.31 03:54:09.299,0.90615,0.90643,1.00,1.00
2017.08.31 03:54:13.565,0.90614,0.90642,1.00,1.00
2017.08.31 03:54:15.301,0.90614,0.90641,1.00,1.00
2017.08.31 03:54:16.979,0.90616,0.90642,1.00,1.00
2017.08.31 03:54:27.343,0.90615,0.90641,1.00,1.00
2017.08.31 03:54:36.823,0.90615,0.90643,1.00,1.00
2017.08.31 03:54:43.124,0.90614,0.90643,1.00,1.00
2017.08.31 03:54:45.360,0.90614,0.90642,1.00,1.00
2017.08.31 03:54:45.548,0.90617,0.90643,1.00,1.00
2017.08.31 03:54:45.599,0.90619,0.90647,1.00,1.00
2017.08.31 03:54:45.989,0.90622,0.90648,1.00,1.00
2017.08.31 03:54:46.257,0.90624,0.90652,1.00,1.00
2017.08.31 03:54:46.575,0.90623,0.90649,1.00,1.00
2017.08.31 03:54:46.676,0.90621,0.90649,1.00,1.00
2017.08.31 03:54:48.685,0.90623,0.90649,1.00,1.00
2017.08.31 03:54:51.104,0.90622,0.90648,1.00,1.00
2017.08.31 03:54:51.921,0.90621,0.90647,1.00,1.00
2017.08.31 03:54:52.819,0.9062,0.90646,1.00,1.00
2017.08.31 03:54:54.301,0.90617,0.90643,1.00,1.00
2017.08.31 03:54:54.751,0.90613,0.90641,1.50,1.00
2017.08.31 03:55:01.608,0.90615,0.90641,1.00,1.00
2017.08.31 03:55:03.427,0.90614,0.9064,1.00,1.00
2017.08.31 03:55:03.730,0.90618,0.90644,1.50,1.00
2017.08.31 03:55:06.854,0.90615,0.90643,1.00,1.00
2017.08.31 03:55:07.005,0.90614,0.9064,1.00,1.00
2017.08.31 03:55:07.855,0.90613,0.90639,1.00,1.00
2017.08.31 03:55:13.182,0.90612,0.90641,1.00,1.00
2017.08.31 03:55:14.182,0.90613,0.90641,1.00,1.00
2017.08.31 03:55:14.771,0.90614,0.90642,1.00,1.50
2017.08.31 03:55:15.089,0.90613,0.90639,1.00,1.00
2017.08.31 03:55:16.071,0.90612,0.90638,1.00,1.00
2017.08.31 03:55:16.769,0.90612,0.90641,1.00,1.50
2017.08.31 03:55:19.360,0.90614,0.9064,1.00,1.00
2017.08.31 03:55:19.411,0.90616,0.90643,1.00,1.00
2017.08.31 03:55:20.398,0.90616,0.90642,1.00,1.00
2017.08.31 03:55:21.911,0.90614,0.90643,1.00,1.00
2017.08.31 03:55:26.839,0.90614,0.9064,1.00,1.00
2017.08.31 03:55:28.385,0.90613,0.90639,1.50,1.00
2017.08.31 03:55:29.959,0.90615,0.90641,1.00,1.00
2017.08.31 03:55:30.273,0.90612,0.90638,1.00,1.00
2017.08.31 03:55:30.433,0.90608,0.90636,1.00,1.00
2017.08.31 03:55:30.554,0.90611,0.9064,1.00,1.00
2017.08.31 03:55:30.709,0.90609,0.90635,1.00,1.00
2017.08.31 03:55:30.760,0.90605,0.90633,1.50,1.00
2017.08.31 03:55:31.400,0.90609,0.90635,1.00,1.00
2017.08.31 03:55:32.696,0.90606,0.90632,1.00,1.00
2017.08.31 03:55:36.082,0.90607,0.90633,1.00,1.00
2017.08.31 03:55:37.082,0.90607,0.90635,1.00,1.00
2017.08.31 03:55:38.457,0.90605,0.90633,1.00,1.00
2017.08.31 03:55:43.242,0.90605,0.90632,1.00,1.00
2017.08.31 03:55:44.245,0.90605,0.90631,1.00,1.00
2017.08.31 03:55:45.341,0.90607,0.90633,1.00,1.00
2017.08.31 03:55:46.622,0.90606,0.90632,1.00,1.00
2017.08.31 03:55:47.218,0.90606,0.90634,1.00,1.00
2017.08.31 03:55:47.269,0.90605,0.90631,1.00,1.00
2017.08.31 03:55:51.470,0.90606,0.90632,1.00,1.00
2017.08.31 03:55:51.971,0.90607,0.90633,1.00,1.00
2017.08.31 03:55:56.545,0.90607,0.90634,1.00,1.00
2017.08.31 03:55:57.846,0.90608,0.90635,1.00,1.00
2017.08.31 03:56:00.200,0.90607,0.90633,1.00,1.00
2017.08.31 03:56:01.011,0.90608,0.90634,1.00,1.00
2017.08.31 03:56:03.645,0.90609,0.90637,1.00,1.00
2017.08.31 03:56:07.001,0.90609,0.90635,1.00,1.00
2017.08.31 03:56:22.286,0.90607,0.90634,1.50,1.00
2017.08.31 03:56:25.535,0.90607,0.90635,1.00,1.00
2017.08.31 03:56:28.832,0.90609,0.90635,1.00,1.00
2017.08.31 03:56:38.217,0.90607,0.90635,1.00,1.00
2017.08.31 03:56:38.318,0.90606,0.90632,1.00,1.00
2017.08.31 03:56:42.968,0.90608,0.90636,1.00,1.00
2017.08.31 03:56:43.019,0.9061,0.90636,1.00,1.00
2017.08.31 03:56:44.009,0.90609,0.90635,1.00,1.00
2017.08.31 03:56:44.535,0.90611,0.90637,1.00,1.00
2017.08.31 03:56:47.661,0.90608,0.90634,1.00,1.00
2017.08.31 03:56:47.711,0.90609,0.90637,1.00,1.00
2017.08.31 03:56:47.762,0.90607,0.90635,1.50,1.00
2017.08.31 03:56:48.083,0.90605,0.90633,1.00,1.00
2017.08.31 03:56:52.117,0.90605,0.90631,1.00,1.00
2017.08.31 03:56:53.092,0.90604,0.9063,1.00,1.00
2017.08.31 03:56:58.893,0.90605,0.90631,1.00,1.00
2017.08.31 03:57:17.473,0.90608,0.90636,1.00,1.00
2017.08.31 03:57:17.574,0.90611,0.90637,1.00,1.00
2017.08.31 03:57:17.680,0.90608,0.90636,1.00,1.00
2017.08.31 03:57:18.529,0.90607,0.90635,1.50,1.00
2017.08.31 03:57:21.650,0.90606,0.90634,1.00,1.00
2017.08.31 03:57:22.651,0.90607,0.90635,1.00,1.00
2017.08.31 03:57:24.439,0.90606,0.90632,1.00,1.00
2017.08.31 03:57:24.640,0.90603,0.90631,1.00,1.00
2017.08.31 03:57:26.486,0.90602,0.90628,1.00,1.00
2017.08.31 03:57:26.788,0.90597,0.90623,1.00,1.00
2017.08.31 03:57:27.502,0.90598,0.90624,1.00,1.00
2017.08.31 03:57:27.691,0.906,0.90627,1.00,1.00
2017.08.31 03:57:28.636,0.90599,0.90625,1.00,1.00
2017.08.31 03:57:30.122,0.90596,0.90624,1.00,1.00
2017.08.31 03:57:31.066,0.90599,0.90625,1.00,1.00
2017.08.31 03:57:35.192,0.906,0.90626,1.00,1.00
2017.08.31 03:57:35.293,0.90602,0.9063,1.00,1.00
2017.08.31 03:57:35.394,0.90604,0.90631,1.00,1.00
