2014.11.12 21:00:00.109,0.89101,0.89137,0.37,0.75
2014.11.12 21:00:00.211,0.89104,0.89142,0.37,1.12
2014.11.12 21:00:00.396,0.89106,0.89142,0.37,0.75
2014.11.12 21:00:00.497,0.89103,0.89143,0.37,1.12
2014.11.12 21:00:00.597,0.89105,0.89142,0.37,0.75
2014.11.12 21:00:01.179,0.89106,0.89142,0.37,0.75
2014.11.12 21:00:02.059,0.89106,0.89138,0.37,0.75
2014.11.12 21:00:02.171,0.89106,0.89142,0.37,0.75
2014.11.12 21:00:02.391,0.89106,0.89137,0.37,0.75
2014.11.12 21:00:03.420,0.89106,0.89143,0.37,0.75
2014.11.12 21:00:05.923,0.89102,0.89142,0.37,0.37
2014.11.12 21:00:06.096,0.89105,0.89143,0.37,1.12
2014.11.12 21:00:08.000,0.89105,0.89142,0.37,0.75
2014.11.12 21:00:17.131,0.89105,0.89137,0.37,0.75
2014.11.12 21:00:19.659,0.89105,0.89142,0.37,0.75
2014.11.12 21:00:22.562,0.89103,0.89142,0.37,0.75
2014.11.12 21:00:24.828,0.89103,0.89137,0.37,0.75
2014.11.12 21:00:25.859,0.89103,0.89143,0.37,1.87
2014.11.12 21:00:27.915,0.89104,0.89137,0.37,0.75
2014.11.12 21:00:28.095,0.89102,0.89137,0.37,0.75
2014.11.12 21:00:35.422,0.89105,0.89137,0.37,0.75
2014.11.12 21:00:39.645,0.89103,0.89137,0.37,0.75
2014.11.12 21:00:44.849,0.89103,0.89142,0.37,0.75
2014.11.12 21:00:48.260,0.89103,0.89137,0.37,0.75
2014.11.12 21:00:49.798,0.89103,0.89142,0.37,0.75
2014.11.12 21:00:56.838,0.89103,0.89137,0.37,0.75
2014.11.12 21:01:00.828,0.89106,0.89137,0.37,0.75
2014.11.12 21:01:01.151,0.89104,0.89137,0.37,0.75
2014.11.12 21:01:01.252,0.89102,0.89137,0.37,0.75
2014.11.12 21:01:02.735,0.89103,0.89137,0.37,0.75
2014.11.12 21:01:02.850,0.89101,0.89137,1.12,0.75
2014.11.12 21:01:03.699,0.89102,0.89137,0.37,0.75
2014.11.12 21:01:04.206,0.89101,0.89137,1.12,0.75
2014.11.12 21:01:07.774,0.89104,0.89137,0.37,0.75
2014.11.12 21:01:10.769,0.89101,0.89137,0.37,0.75
2014.11.12 21:01:11.697,0.89102,0.89137,0.37,0.75
2014.11.12 21:01:12.174,0.89104,0.89137,0.37,0.75
2014.11.12 21:01:12.299,0.89102,0.89137,0.37,0.75
2014.11.12 21:01:14.308,0.89101,0.89137,0.75,0.75
2014.11.12 21:01:14.818,0.891,0.89137,0.37,0.75
2014.11.12 21:01:15.717,0.89101,0.89137,0.37,0.75
2014.11.12 21:01:16.222,0.891,0.89137,0.37,0.75
2014.11.12 21:01:17.393,0.891,0.89138,0.37,0.75
2014.11.12 21:01:18.047,0.89099,0.89138,0.37,0.75
2014.11.12 21:01:18.558,0.89098,0.89138,0.37,1.12
2014.11.12 21:01:19.187,0.89099,0.89137,0.37,0.37
2014.11.12 21:01:19.827,0.891,0.89138,0.37,1.12
2014.11.12 21:01:22.125,0.89097,0.89135,0.37,0.37
2014.11.12 21:01:22.455,0.89099,0.89138,0.37,0.75
2014.11.12 21:01:23.948,0.89096,0.89136,0.37,0.37
2014.11.12 21:01:24.061,0.89099,0.89137,0.37,0.37
2014.11.12 21:01:24.616,0.89098,0.89138,0.37,1.12
2014.11.12 21:01:24.919,0.89094,0.89134,0.37,0.37
2014.11.12 21:01:25.862,0.89097,0.89135,0.37,0.37
2014.11.12 21:01:26.369,0.89094,0.89132,0.37,0.37
2014.11.12 21:01:27.985,0.89096,0.89136,0.37,1.12
2014.11.12 21:01:29.084,0.89094,0.89132,0.37,0.37
2014.11.12 21:01:29.221,0.89096,0.89136,0.37,1.12
2014.11.12 21:01:38.335,0.89096,0.89134,0.37,0.37
2014.11.12 21:01:38.838,0.89095,0.89135,0.37,0.37
2014.11.12 21:01:39.907,0.89096,0.89134,0.37,0.37
2014.11.12 21:01:41.827,0.89098,0.89136,0.37,1.12
2014.11.12 21:01:51.499,0.89099,0.89139,0.37,1.12
2014.11.12 21:01:54.719,0.89099,0.89137,0.37,0.75
2014.11.12 21:02:02.658,0.89098,0.89136,0.37,0.37
2014.11.12 21:02:03.549,0.89097,0.89135,0.75,0.37
2014.11.12 21:02:04.267,0.89095,0.89135,0.37,0.37
2014.11.12 21:02:10.517,0.891,0.89136,0.37,1.50
2014.11.12 21:02:10.924,0.89098,0.89136,0.37,1.12
2014.11.12 21:02:12.316,0.89097,0.89135,0.37,0.37
2014.11.12 21:02:13.421,0.89101,0.89138,0.37,0.75
2014.11.12 21:02:14.320,0.89101,0.89134,0.37,0.75
2014.11.12 21:02:14.528,0.89095,0.89133,0.37,0.37
2014.11.12 21:02:14.629,0.89093,0.89131,0.37,1.12
2014.11.12 21:02:14.730,0.8909,0.8913,0.37,0.37
2014.11.12 21:02:14.931,0.89089,0.89127,1.12,0.37
2014.11.12 21:02:15.464,0.89088,0.89126,0.75,0.75
2014.11.12 21:02:15.857,0.89083,0.89126,1.50,0.75
2014.11.12 21:02:15.908,0.8909,0.89126,0.75,0.75
2014.11.12 21:02:16.437,0.89087,0.89125,1.12,0.37
2014.11.12 21:02:17.049,0.89087,0.89126,0.37,0.75
2014.11.12 21:02:17.598,0.89088,0.89127,0.75,0.37
2014.11.12 21:02:18.758,0.89089,0.89127,0.37,0.37
2014.11.12 21:02:18.917,0.89093,0.89127,0.75,0.37
2014.11.12 21:02:22.450,0.89093,0.89129,0.75,0.37
2014.11.12 21:02:24.565,0.89093,0.8913,0.75,0.37
2014.11.12 21:02:33.610,0.89093,0.89131,1.12,0.37
2014.11.12 21:02:48.687,0.89095,0.89133,0.37,1.12
2014.11.12 21:02:49.218,0.89096,0.89132,0.37,0.75
2014.11.12 21:02:50.758,0.89096,0.89136,0.37,0.37
2014.11.12 21:02:50.926,0.89098,0.89136,0.75,0.37
2014.11.12 21:02:55.057,0.89101,0.89139,0.37,0.37
2014.11.12 21:02:55.360,0.89099,0.89137,0.37,0.37
2014.11.12 21:03:02.170,0.89098,0.89133,0.75,0.37
2014.11.12 21:03:02.796,0.89098,0.89134,0.75,0.37
2014.11.12 21:03:05.930,0.89098,0.89136,1.12,0.37
2014.11.12 21:03:06.081,0.89098,0.89134,0.75,0.37
2014.11.12 21:03:08.086,0.89098,0.89132,0.75,0.37
2014.11.12 21:03:08.587,0.89098,0.89134,0.75,0.37
2014.11.12 21:03:09.846,0.89097,0.89134,0.75,0.37
2014.11.12 21:03:09.897,0.89097,0.89132,0.75,0.37
2014.11.12 21:03:11.715,0.89094,0.89132,0.37,0.37
2014.11.12 21:03:12.395,0.89096,0.89134,0.37,0.37
2014.11.12 21:03:13.002,0.89094,0.89132,0.37,0.37
2014.11.12 21:03:16.713,0.89092,0.8913,1.12,0.37
2014.11.12 21:03:17.272,0.89093,0.8913,0.75,0.37
2014.11.12 21:03:19.716,0.89093,0.89133,1.12,0.37
2014.11.12 21:03:25.331,0.89095,0.89134,0.37,0.75
2014.11.12 21:03:25.833,0.89094,0.89134,0.37,1.12
2014.11.12 21:03:26.335,0.89097,0.89134,0.37,0.75
2014.11.12 21:03:27.015,0.89097,0.89133,0.37,0.75
2014.11.12 21:03:27.840,0.89098,0.89133,0.75,0.75
2014.11.12 21:03:29.315,0.89097,0.89133,1.12,0.75
2014.11.12 21:03:29.985,0.89097,0.89134,1.12,0.75
2014.11.12 21:03:30.643,0.89098,0.89133,0.75,0.37
2014.11.12 21:03:32.667,0.89098,0.89131,0.75,0.37
2014.11.12 21:03:32.872,0.89093,0.89131,1.12,0.37
2014.11.12 21:04:01.703,0.89093,0.89131,1.00,1.37
2014.11.12 21:04:02.375,0.89092,0.89132,1.50,1.37
2014.11.12 21:04:02.550,0.89092,0.89132,1.87,1.37
2014.11.12 21:04:28.835,0.89094,0.89134,1.00,1.37
2014.11.12 21:04:29.370,0.89094,0.89134,1.97,1.37
2014.11.12 21:04:29.755,0.89098,0.89134,1.00,1.37
2014.11.12 21:04:30.634,0.89099,0.89137,1.00,1.87
2014.11.12 21:04:31.339,0.89099,0.89137,1.00,1.87
2014.11.12 21:04:39.495,0.89099,0.89137,1.00,1.00
2014.11.12 21:04:39.764,0.89103,0.8914,1.00,1.37
2014.11.12 21:04:39.919,0.89103,0.8914,1.00,1.12
2014.11.12 21:04:40.434,0.89102,0.8914,1.00,1.12
2014.11.12 21:04:41.044,0.89104,0.89143,1.00,1.87
2014.11.12 21:04:42.349,0.89104,0.89143,1.00,1.87
2014.11.12 21:05:25.576,0.89103,0.89142,1.87,1.00
2014.11.12 21:05:25.727,0.89103,0.89147,1.37,1.37
2014.11.12 21:05:47.136,0.89102,0.89147,1.87,1.37
2014.11.12 21:05:59.686,0.89103,0.89146,1.87,1.37
2014.11.12 21:06:03.984,0.89103,0.89147,1.37,1.87
2014.11.12 21:06:04.537,0.89107,0.89147,1.00,1.37
2014.11.12 21:06:05.356,0.89108,0.89149,1.00,1.75
2014.11.12 21:06:06.016,0.89107,0.89147,1.00,1.37
2014.11.12 21:06:06.627,0.89103,0.89147,1.37,1.87
2014.11.12 21:06:07.618,0.89103,0.89147,1.12,1.87
2014.11.12 21:06:09.376,0.89107,0.89147,1.00,1.87
2014.11.12 21:06:10.136,0.89107,0.89147,1.00,1.87
2014.11.12 21:06:11.608,0.89107,0.89147,1.37,1.87
2014.11.12 21:06:11.809,0.8911,0.89147,1.00,1.37
2014.11.12 21:06:12.646,0.8911,0.89147,1.37,1.00
2014.11.12 21:06:13.168,0.8911,0.89148,1.37,1.00
2014.11.12 21:06:13.560,0.8911,0.89148,1.37,1.00
2014.11.12 21:06:21.777,0.8911,0.89151,1.37,1.37
2014.11.12 21:06:22.347,0.8911,0.89151,1.00,1.37
2014.11.12 21:06:22.851,0.89108,0.89151,1.37,1.37
2014.11.12 21:06:24.337,0.89108,0.89151,1.37,1.37
2014.11.12 21:06:25.087,0.89106,0.89148,1.00,1.37
2014.11.12 21:06:25.985,0.891,0.89148,1.50,1.87
2014.11.12 21:06:27.680,0.891,0.89147,1.75,1.37
2014.11.12 21:06:33.604,0.89102,0.89148,1.37,1.87
2014.11.12 21:06:34.933,0.89102,0.89147,1.75,1.00
2014.11.12 21:06:35.134,0.89102,0.89147,1.37,1.37
2014.11.12 21:06:35.425,0.891,0.89147,2.25,1.87
2014.11.12 21:06:35.818,0.89103,0.89147,1.37,1.87
2014.11.12 21:06:36.145,0.891,0.89147,2.25,1.87
2014.11.12 21:06:37.028,0.89108,0.89147,1.00,1.37
2014.11.12 21:06:37.255,0.89103,0.89147,1.37,1.37
2014.11.12 21:06:37.449,0.89103,0.89147,1.75,1.12
2014.11.12 21:06:52.311,0.89108,0.8915,1.37,1.37
2014.11.12 21:06:56.496,0.89107,0.89149,1.50,1.00
2014.11.12 21:07:05.574,0.89107,0.89148,1.50,1.00
2014.11.12 21:07:08.039,0.89108,0.89148,1.37,1.12
2014.11.12 21:07:08.592,0.89105,0.89148,1.37,1.00
2014.11.12 21:07:08.845,0.89104,0.89149,1.75,1.00
2014.11.12 21:07:09.275,0.89104,0.89149,1.75,1.00
2014.11.12 21:07:09.554,0.89104,0.89149,1.75,1.00
2014.11.12 21:07:09.654,0.89105,0.89149,1.75,1.12
2014.11.12 21:07:10.155,0.89108,0.89149,1.37,1.00
2014.11.12 21:07:10.608,0.89107,0.89149,1.37,1.37
2014.11.12 21:07:10.910,0.89107,0.89149,1.50,1.00
2014.11.12 21:07:11.570,0.89107,0.89149,1.87,1.37
2014.11.12 21:07:11.772,0.89107,0.89149,2.25,1.00
2014.11.12 21:07:12.776,0.89107,0.89149,1.87,1.37
2014.11.12 21:07:13.085,0.89107,0.89149,1.50,1.00
2014.11.12 21:07:13.516,0.89108,0.89149,1.37,1.00
2014.11.12 21:07:13.906,0.89108,0.89149,1.37,1.00
2014.11.12 21:07:14.115,0.89107,0.89149,1.87,1.00
2014.11.12 21:07:14.216,0.89107,0.89149,2.25,1.00
2014.11.12 21:07:14.317,0.89108,0.89149,1.37,1.12
2014.11.12 21:07:14.839,0.89107,0.89148,1.50,1.00
2014.11.12 21:07:15.384,0.89108,0.89148,1.37,1.00
2014.11.12 21:07:16.037,0.89105,0.89148,1.75,1.00
2014.11.12 21:07:16.096,0.89105,0.89148,1.37,1.12
2014.11.12 21:07:16.341,0.89104,0.89148,2.25,1.00
2014.11.12 21:07:16.805,0.89107,0.89148,1.37,1.00
2014.11.12 21:07:17.344,0.89104,0.89148,3.75,1.00
2014.11.12 21:07:20.424,0.89107,0.89149,1.37,1.00
2014.11.12 21:07:24.422,0.89107,0.89149,1.37,1.12
2014.11.12 21:07:25.594,0.89107,0.89148,1.37,1.00
2014.11.12 21:07:27.735,0.89107,0.89148,1.37,1.00
2014.11.12 21:07:30.443,0.89108,0.89148,1.37,1.00
2014.11.12 21:07:31.045,0.89108,0.89148,1.37,1.00
2014.11.12 21:07:34.576,0.89108,0.89148,1.37,1.00
2014.11.12 21:07:35.353,0.89108,0.89148,1.37,1.00
2014.11.12 21:07:36.055,0.89108,0.89148,1.37,1.00
2014.11.12 21:07:39.887,0.89105,0.89148,1.37,1.50
2014.11.12 21:07:42.004,0.89107,0.89148,1.37,1.00
2014.11.12 21:07:42.526,0.89107,0.8915,1.37,1.37
2014.11.12 21:07:46.201,0.89107,0.8915,1.87,1.00
2014.11.12 21:07:46.725,0.89107,0.8915,1.87,1.00
2014.11.12 21:07:47.203,0.89107,0.8915,1.87,1.00
2014.11.12 21:07:47.303,0.89107,0.8915,1.87,1.00
2014.11.12 21:07:48.205,0.89108,0.8915,1.37,1.37
2014.11.12 21:07:54.628,0.89107,0.8915,1.87,1.00
2014.11.12 21:07:55.175,0.89107,0.8915,1.87,1.00
2014.11.12 21:07:56.038,0.89107,0.8915,1.87,1.12
2014.11.12 21:08:02.497,0.89107,0.8915,1.37,1.37
2014.11.12 21:08:06.395,0.89107,0.89151,1.37,1.37
2014.11.12 21:08:06.499,0.89107,0.89151,1.12,1.37
2014.11.12 21:08:06.801,0.89103,0.89144,1.87,1.37
2014.11.12 21:08:07.303,0.89103,0.89144,1.50,1.00
2014.11.12 21:08:08.023,0.89103,0.89144,1.87,1.37
2014.11.12 21:08:09.389,0.89103,0.89142,1.37,1.12
2014.11.12 21:08:16.372,0.89103,0.89143,1.00,1.00
2014.11.12 21:08:17.449,0.89103,0.89143,1.37,1.12
2014.11.12 21:08:20.683,0.89103,0.89142,1.37,1.00
2014.11.12 21:08:21.905,0.89103,0.89142,1.00,1.37
2014.11.12 21:08:22.712,0.89102,0.89142,1.12,1.37
2014.11.12 21:08:33.059,0.89102,0.89141,1.37,1.00
2014.11.12 21:08:33.563,0.89102,0.89141,1.37,1.00
2014.11.12 21:08:35.673,0.89102,0.89141,1.00,1.00
2014.11.12 21:08:36.633,0.89102,0.89143,1.00,1.00
2014.11.12 21:08:41.390,0.89102,0.89143,1.37,1.00
2014.11.12 21:08:41.921,0.89102,0.89143,1.37,1.00
2014.11.12 21:08:42.443,0.89102,0.89143,1.37,1.37
2014.11.12 21:08:42.980,0.89102,0.89143,1.37,1.00
2014.11.12 21:08:43.673,0.89102,0.89142,1.87,1.00
2014.11.12 21:08:46.913,0.89102,0.89142,1.87,1.00
2014.11.12 21:08:47.043,0.89102,0.89142,1.87,1.12
2014.11.12 21:08:56.940,0.89101,0.89142,1.37,1.00
2014.11.12 21:08:57.273,0.89101,0.89142,1.37,1.00
2014.11.12 21:08:57.443,0.89101,0.89142,1.37,1.00
2014.11.12 21:08:57.543,0.89101,0.89142,1.37,1.00
2014.11.12 21:08:58.153,0.89101,0.89143,1.37,1.87
2014.11.12 21:09:02.592,0.891,0.8914,1.37,1.00
2014.11.12 21:09:02.983,0.89102,0.8914,1.50,1.00
2014.11.12 21:09:04.242,0.89103,0.89146,1.37,1.37
2014.11.12 21:09:05.361,0.89103,0.89146,1.37,1.37
2014.11.12 21:09:20.603,0.89103,0.89147,1.37,1.37
2014.11.12 21:09:23.292,0.89103,0.89144,1.37,1.00
2014.11.12 21:09:26.372,0.89103,0.89146,1.37,1.37
2014.11.12 21:09:32.862,0.89103,0.89143,1.37,1.00
2014.11.12 21:09:35.832,0.89103,0.89145,1.37,1.12
2014.11.12 21:09:40.673,0.89103,0.89146,1.50,1.12
2014.11.12 21:09:41.013,0.89103,0.89146,1.37,1.37
2014.11.12 21:09:55.406,0.89103,0.89147,1.12,1.37
2014.11.12 21:09:57.762,0.89103,0.89144,1.00,1.00
2014.11.12 21:09:58.614,0.89103,0.89144,1.12,1.37
2014.11.12 21:10:04.363,0.89103,0.89143,1.37,1.37
2014.11.12 21:10:08.752,0.89108,0.89143,1.00,1.37
2014.11.12 21:10:10.952,0.89103,0.89144,1.37,1.37
2014.11.12 21:10:12.391,0.89103,0.89143,1.12,1.37
2014.11.12 21:10:31.210,0.89102,0.89142,1.12,1.37
2014.11.12 21:10:32.559,0.89103,0.89141,1.00,1.12
2014.11.12 21:10:40.390,0.89103,0.89141,1.37,1.00
2014.11.12 21:10:40.440,0.89105,0.89145,1.12,1.12
2014.11.12 21:10:40.541,0.89105,0.89143,1.12,1.00
2014.11.12 21:10:40.780,0.89105,0.89145,1.12,1.12
2014.11.12 21:10:41.330,0.89105,0.89145,1.00,1.37
2014.11.12 21:10:41.880,0.89103,0.89147,1.87,1.37
2014.11.12 21:10:42.430,0.89103,0.89147,1.50,1.37
2014.11.12 21:10:42.581,0.89103,0.89147,1.87,1.37
2014.11.12 21:10:43.263,0.89103,0.89147,1.87,1.37
2014.11.12 21:10:43.864,0.89103,0.89147,1.37,1.50
2014.11.12 21:10:44.966,0.89103,0.89147,1.87,1.37
2014.11.12 21:10:46.199,0.89103,0.89147,2.25,1.37
2014.11.12 21:10:48.875,0.89103,0.89147,1.87,1.37
2014.11.12 21:10:49.790,0.89108,0.89149,1.00,1.75
2014.11.12 21:10:53.884,0.89108,0.89145,1.00,1.12
2014.11.12 21:10:54.090,0.89108,0.8915,1.00,2.25
2014.11.12 21:10:54.309,0.89108,0.8915,1.00,3.75
2014.11.12 21:10:54.790,0.89108,0.89149,1.00,2.25
2014.11.12 21:10:56.565,0.89107,0.8915,1.00,3.75
2014.11.12 21:10:59.095,0.89107,0.89145,1.00,1.37
2014.11.12 21:11:01.879,0.89108,0.89145,1.00,1.37
2014.11.12 21:11:14.540,0.89108,0.89145,1.00,1.37
2014.11.12 21:11:20.271,0.89103,0.89145,1.37,1.37
2014.11.12 21:11:21.265,0.89103,0.89145,1.37,1.37
2014.11.12 21:11:21.919,0.89107,0.89145,1.00,1.37
2014.11.12 21:11:24.779,0.89103,0.89145,1.37,1.37
2014.11.12 21:11:27.094,0.89103,0.89145,1.50,1.00
2014.11.12 21:11:28.631,0.89103,0.89145,1.87,1.37
2014.11.12 21:11:28.883,0.89108,0.89145,1.00,1.12
2014.11.12 21:11:29.406,0.89108,0.89145,1.00,1.37
2014.11.12 21:11:29.939,0.89108,0.89145,1.00,1.12
2014.11.12 21:11:30.448,0.89108,0.89145,1.00,1.37
2014.11.12 21:11:32.129,0.89108,0.89145,1.00,1.50
2014.11.12 21:11:32.381,0.89102,0.89138,1.37,1.00
2014.11.12 21:11:33.238,0.89103,0.89138,1.37,1.00
2014.11.12 21:11:34.033,0.89102,0.89141,1.37,1.00
2014.11.12 21:11:37.989,0.89103,0.89141,1.37,1.00
2014.11.12 21:11:39.194,0.89103,0.89141,1.37,1.00
2014.11.12 21:11:40.180,0.89103,0.89141,1.37,1.00
2014.11.12 21:11:40.508,0.89102,0.89141,1.87,1.00
2014.11.12 21:11:41.037,0.89102,0.89141,1.87,1.00
2014.11.12 21:11:42.009,0.89102,0.89141,1.87,1.00
2014.11.12 21:11:42.987,0.89102,0.89141,1.87,1.00
2014.11.12 21:11:44.649,0.89102,0.89141,2.25,1.00
2014.11.12 21:11:44.703,0.89102,0.89141,1.87,1.00
2014.11.12 21:11:45.110,0.89102,0.89141,2.25,1.00
2014.11.12 21:11:45.210,0.89102,0.89141,1.87,1.00
2014.11.12 21:11:46.068,0.89102,0.89141,1.87,1.00
2014.11.12 21:11:46.716,0.89102,0.89142,1.87,1.00
2014.11.12 21:11:47.217,0.89102,0.89142,1.87,1.00
2014.11.12 21:11:47.719,0.89107,0.89142,1.00,1.00
2014.11.12 21:11:49.068,0.89107,0.89141,1.12,1.00
2014.11.12 21:11:50.369,0.89107,0.89141,1.37,1.00
2014.11.12 21:11:51.086,0.89107,0.89141,1.00,1.00
2014.11.12 21:11:51.741,0.89107,0.89141,1.37,1.00
2014.11.12 21:11:52.289,0.89107,0.89141,1.12,1.00
2014.11.12 21:11:52.950,0.89103,0.89141,1.12,1.00
2014.11.12 21:11:54.264,0.89103,0.89141,1.37,1.00
2014.11.12 21:11:54.365,0.89103,0.89141,1.12,1.00
2014.11.12 21:11:54.466,0.89103,0.89141,1.37,1.00
2014.11.12 21:11:54.768,0.89103,0.89142,1.37,1.00
2014.11.12 21:11:55.298,0.89108,0.89142,1.00,1.00
2014.11.12 21:11:55.830,0.89103,0.89142,1.12,1.00
2014.11.12 21:11:56.090,0.89103,0.89142,1.37,1.00
2014.11.12 21:11:56.291,0.89103,0.89142,1.12,1.00
2014.11.12 21:12:04.998,0.89103,0.89141,1.12,1.00
2014.11.12 21:12:06.790,0.89102,0.89141,1.37,1.00
2014.11.12 21:12:07.937,0.89102,0.89142,1.37,1.00
2014.11.12 21:12:10.908,0.89103,0.89143,1.37,1.12
2014.11.12 21:12:13.878,0.89103,0.89142,1.37,1.00
2014.11.12 21:12:16.488,0.89103,0.89142,1.37,1.00
2014.11.12 21:12:16.820,0.89103,0.89142,1.50,1.00
2014.11.12 21:12:16.921,0.89103,0.89142,1.37,1.00
2014.11.12 21:12:16.975,0.89103,0.89142,1.75,1.00
2014.11.12 21:12:17.175,0.89103,0.89142,1.37,1.00
2014.11.12 21:12:17.708,0.89103,0.89142,1.37,1.00
2014.11.12 21:12:17.877,0.89103,0.89142,1.37,1.00
2014.11.12 21:12:18.415,0.89102,0.89142,1.37,1.00
2014.11.12 21:12:18.942,0.89102,0.89142,1.50,1.00
2014.11.12 21:12:19.781,0.89102,0.89142,1.37,1.00
2014.11.12 21:12:21.908,0.89105,0.89143,1.12,1.00
2014.11.12 21:12:23.835,0.89105,0.89143,1.37,1.00
2014.11.12 21:12:24.988,0.89104,0.89142,1.37,1.50
2014.11.12 21:12:28.442,0.89104,0.89142,1.12,1.50
2014.11.12 21:12:29.018,0.89101,0.89141,1.37,1.00
2014.11.12 21:12:30.408,0.89101,0.89141,1.75,1.00
2014.11.12 21:12:30.509,0.89101,0.89141,1.37,1.00
2014.11.12 21:12:31.407,0.89101,0.89141,1.50,1.00
2014.11.12 21:12:31.927,0.89103,0.89141,1.37,1.00
2014.11.12 21:12:37.038,0.89101,0.89141,1.37,1.00
2014.11.12 21:12:38.133,0.89101,0.89141,1.37,1.00
2014.11.12 21:12:40.497,0.891,0.89142,1.37,1.12
2014.11.12 21:12:48.688,0.89103,0.89143,1.50,1.50
2014.11.12 21:12:59.398,0.89108,0.89143,1.37,1.00
2014.11.12 21:13:00.087,0.8911,0.89152,1.12,1.37
2014.11.12 21:13:00.504,0.8911,0.89152,1.37,1.37
2014.11.12 21:13:02.677,0.89112,0.89152,1.00,1.37
2014.11.12 21:13:03.707,0.89112,0.89152,1.12,1.37
2014.11.12 21:13:06.852,0.89108,0.8915,1.87,1.37
2014.11.12 21:13:06.953,0.89108,0.8915,1.87,1.37
2014.11.12 21:13:08.547,0.89108,0.8915,1.75,1.50
2014.11.12 21:13:09.316,0.89111,0.89152,1.37,1.12
2014.11.12 21:13:16.642,0.89109,0.89152,1.37,1.37
2014.11.12 21:13:29.492,0.8911,0.89153,1.37,1.87
2014.11.12 21:13:29.794,0.8911,0.89153,1.37,1.87
2014.11.12 21:13:31.561,0.89107,0.8915,1.50,1.00
2014.11.12 21:13:31.966,0.89103,0.89147,4.50,1.00
2014.11.12 21:13:35.676,0.89107,0.8915,1.50,1.00
2014.11.12 21:13:35.912,0.89107,0.8915,1.37,1.12
2014.11.12 21:13:36.633,0.89107,0.8915,1.37,1.37
2014.11.12 21:13:37.204,0.89107,0.89148,1.00,1.37
2014.11.12 21:13:37.254,0.89102,0.89148,1.37,1.87
2014.11.12 21:13:40.140,0.89102,0.89148,1.37,2.25
2014.11.12 21:13:42.449,0.89102,0.89148,1.37,1.87
2014.11.12 21:13:42.992,0.89107,0.89148,1.00,1.37
2014.11.12 21:13:45.726,0.89103,0.89147,1.37,1.37
2014.11.12 21:13:52.876,0.89103,0.89147,1.37,1.37
2014.11.12 21:14:22.442,0.89103,0.89147,1.37,1.37
2014.11.12 21:14:22.744,0.89103,0.89141,1.37,1.00
2014.11.12 21:14:23.441,0.89103,0.89141,1.37,1.00
2014.11.12 21:14:23.575,0.89103,0.89147,1.37,1.87
2014.11.12 21:14:25.445,0.89103,0.89142,1.37,1.00
2014.11.12 21:14:28.416,0.89098,0.89141,1.75,1.00
2014.11.12 21:14:37.711,0.89103,0.89141,1.12,1.00
2014.11.12 21:14:43.946,0.89103,0.89141,1.50,1.00
2014.11.12 21:14:44.248,0.89105,0.89141,3.00,1.00
2014.11.12 21:14:44.394,0.89105,0.89144,3.00,1.00
2014.11.12 21:14:44.445,0.89105,0.89144,3.00,1.00
2014.11.12 21:14:46.375,0.89109,0.89151,2.25,1.00
2014.11.12 21:14:49.016,0.89109,0.89145,2.25,1.00
2014.11.12 21:14:49.328,0.89113,0.89145,1.37,1.00
2014.11.12 21:14:49.702,0.89113,0.89145,2.25,1.00
2014.11.12 21:14:50.554,0.89112,0.89145,2.25,1.00
2014.11.12 21:14:51.434,0.89112,0.8915,2.25,1.00
2014.11.12 21:14:55.391,0.89113,0.8915,2.25,1.00
2014.11.12 21:14:58.316,0.89113,0.8915,1.87,1.00
2014.11.12 21:14:58.527,0.89108,0.8915,1.75,1.00
2014.11.12 21:14:58.618,0.89108,0.8915,1.50,1.00
2014.11.12 21:14:59.321,0.89108,0.8915,1.75,1.00
2014.11.12 21:15:01.355,0.89108,0.8915,1.00,1.50
2014.11.12 21:15:01.456,0.89108,0.89142,1.00,1.00
2014.11.12 21:15:01.837,0.89103,0.89142,1.50,1.00
2014.11.12 21:15:02.667,0.89104,0.89142,1.50,1.00
2014.11.12 21:15:03.205,0.89104,0.89147,1.50,1.00
2014.11.12 21:15:03.640,0.89104,0.89147,2.25,1.00
2014.11.12 21:15:04.642,0.89104,0.89147,1.87,1.12
2014.11.12 21:15:04.742,0.89104,0.89147,2.25,1.00
2014.11.12 21:15:05.444,0.89103,0.89147,3.75,1.37
2014.11.12 21:15:06.135,0.89103,0.89137,3.00,1.00
2014.11.12 21:15:06.796,0.891,0.89137,2.25,1.00
2014.11.12 21:15:08.551,0.891,0.89137,2.25,1.00
2014.11.12 21:15:18.673,0.89101,0.89137,1.37,1.00
2014.11.12 21:15:18.824,0.89099,0.89137,1.37,1.00
2014.11.12 21:15:18.925,0.89099,0.89137,1.75,1.00
2014.11.12 21:15:19.176,0.89099,0.89137,1.37,1.00
2014.11.12 21:15:20.883,0.89099,0.89137,3.00,1.00
2014.11.12 21:15:21.385,0.89099,0.89137,2.62,1.00
2014.11.12 21:15:22.287,0.89101,0.89137,2.25,1.00
2014.11.12 21:15:22.938,0.89102,0.89137,2.25,1.00
2014.11.12 21:15:23.240,0.89106,0.89137,2.62,1.00
2014.11.12 21:15:23.295,0.89106,0.89142,2.62,1.00
2014.11.12 21:15:25.057,0.89106,0.89137,2.62,1.00
2014.11.12 21:15:25.496,0.89106,0.89143,2.62,1.00
2014.11.12 21:15:25.546,0.89106,0.89143,3.00,1.00
2014.11.12 21:15:25.597,0.89106,0.89143,2.62,1.00
2014.11.12 21:15:26.045,0.89106,0.89137,1.37,1.00
2014.11.12 21:15:26.399,0.89106,0.89137,1.75,1.00
2014.11.12 21:15:26.925,0.89106,0.89132,1.75,1.00
2014.11.12 21:15:27.102,0.89106,0.89132,1.37,1.00
2014.11.12 21:15:27.203,0.89103,0.89133,1.37,1.00
2014.11.12 21:15:27.492,0.89099,0.89138,1.75,1.00
2014.11.12 21:15:27.695,0.89099,0.89141,1.75,1.00
2014.11.12 21:15:27.846,0.89099,0.89138,1.75,1.00
2014.11.12 21:15:28.405,0.89099,0.89138,1.75,1.00
2014.11.12 21:15:28.714,0.89098,0.89141,1.37,1.37
2014.11.12 21:15:29.125,0.89096,0.89137,1.37,1.00
2014.11.12 21:15:31.740,0.89099,0.89137,1.87,1.00
2014.11.12 21:15:31.878,0.89099,0.8914,1.87,1.00
2014.11.12 21:15:35.166,0.89099,0.8914,2.62,1.37
2014.11.12 21:15:35.469,0.89096,0.89136,1.50,1.00
2014.11.12 21:15:36.965,0.89099,0.89136,1.37,1.00
2014.11.12 21:15:37.745,0.89099,0.8914,2.62,1.00
2014.11.12 21:15:40.715,0.891,0.89142,1.87,1.87
2014.11.12 21:15:41.996,0.891,0.89142,2.25,1.50
2014.11.12 21:15:42.969,0.891,0.89142,2.25,1.50
2014.11.12 21:15:43.775,0.891,0.89142,2.25,1.50
2014.11.12 21:15:43.907,0.891,0.89135,2.25,1.00
2014.11.12 21:15:44.008,0.89099,0.89135,2.62,1.00
2014.11.12 21:15:44.225,0.89099,0.89135,1.75,1.00
2014.11.12 21:15:44.881,0.891,0.89135,2.25,1.00
2014.11.12 21:15:45.775,0.89103,0.89141,1.37,1.00
2014.11.12 21:15:55.340,0.89101,0.89141,1.75,1.00
2014.11.12 21:15:57.145,0.89102,0.89141,1.87,1.00
2014.11.12 21:16:05.663,0.89101,0.89141,3.75,1.00
2014.11.12 21:16:14.921,0.89103,0.89141,1.37,1.00
2014.11.12 21:16:14.972,0.89103,0.89135,1.37,1.00
2014.11.12 21:16:15.411,0.89102,0.89135,1.12,1.00
2014.11.12 21:16:16.685,0.89102,0.89142,1.12,1.00
2014.11.12 21:16:19.654,0.89097,0.89141,1.50,1.00
2014.11.12 21:16:21.297,0.89097,0.89141,1.37,1.12
2014.11.12 21:16:22.805,0.89103,0.89141,1.00,1.12
2014.11.12 21:16:23.684,0.89102,0.89141,1.00,1.12
2014.11.12 21:16:25.385,0.89102,0.89135,1.00,1.00
2014.11.12 21:16:25.486,0.89097,0.89135,1.37,1.00
2014.11.12 21:16:28.454,0.89098,0.89134,1.37,1.00
2014.11.12 21:16:28.617,0.89098,0.89134,1.37,1.00
2014.11.12 21:16:29.207,0.89098,0.89134,3.00,1.00
2014.11.12 21:16:30.324,0.89098,0.89141,3.00,1.00
2014.11.12 21:16:31.125,0.89098,0.89141,3.00,1.00
2014.11.12 21:16:31.226,0.89101,0.89148,1.37,1.37
2014.11.12 21:16:37.638,0.89101,0.89147,1.37,1.37
2014.11.12 21:16:39.744,0.89101,0.89147,1.37,1.37
2014.11.12 21:16:40.648,0.89101,0.89147,1.37,1.37
2014.11.12 21:16:48.872,0.89101,0.89147,1.37,1.37
2014.11.12 21:16:53.990,0.89098,0.89147,3.75,1.37
2014.11.12 21:17:00.616,0.89098,0.89147,2.25,1.75
2014.11.12 21:17:10.676,0.89098,0.89146,1.37,1.75
2014.11.12 21:17:11.133,0.89102,0.89145,1.00,1.75
2014.11.12 21:17:11.313,0.89098,0.89142,1.12,1.37
2014.11.12 21:17:18.598,0.89098,0.89138,1.37,1.00
2014.11.12 21:17:24.610,0.89098,0.89138,1.37,1.37
2014.11.12 21:17:25.494,0.89098,0.8913,1.37,1.00
2014.11.12 21:17:40.670,0.89097,0.8913,1.75,1.00
2014.11.12 21:17:40.772,0.89101,0.89133,1.37,1.00
2014.11.12 21:17:41.251,0.89101,0.89133,1.50,1.00
2014.11.12 21:17:42.218,0.89105,0.8914,1.37,1.00
2014.11.12 21:18:09.583,0.89099,0.8914,1.50,1.00
2014.11.12 21:18:11.074,0.89099,0.8914,1.37,1.00
2014.11.12 21:18:31.736,0.89098,0.8914,2.25,1.00
2014.11.12 21:18:32.038,0.89109,0.89138,1.75,1.00
2014.11.12 21:18:32.701,0.89109,0.89145,1.75,1.00
2014.11.12 21:18:38.590,0.89109,0.89145,1.37,1.00
2014.11.12 21:18:41.721,0.89109,0.89146,1.37,1.00
2014.11.12 21:18:51.826,0.89109,0.89146,1.75,1.00
2014.11.12 21:18:54.592,0.89108,0.89145,2.25,1.00
2014.11.12 21:19:04.602,0.89111,0.89144,1.37,1.00
2014.11.12 21:19:06.390,0.89111,0.89144,1.50,1.00
2014.11.12 21:19:15.620,0.89111,0.89144,1.75,1.00
2014.11.12 21:19:16.527,0.89111,0.89144,1.50,1.00
2014.11.12 21:19:33.473,0.89111,0.89144,1.75,1.00
2014.11.12 21:19:33.674,0.89111,0.89144,1.37,1.00
2014.11.12 21:19:38.371,0.89111,0.89145,1.37,1.00
2014.11.12 21:19:47.371,0.89113,0.89145,1.37,1.00
2014.11.12 21:19:49.811,0.89111,0.89144,1.37,1.00
2014.11.12 21:20:04.588,0.89111,0.89144,1.75,1.00
2014.11.12 21:20:04.790,0.89111,0.89144,1.37,1.00
2014.11.12 21:20:04.890,0.8911,0.89144,1.12,1.00
2014.11.12 21:20:06.661,0.89107,0.89141,1.37,1.00
2014.11.12 21:20:07.996,0.89103,0.89141,2.25,1.00
2014.11.12 21:20:13.070,0.89103,0.89141,2.25,1.00
2014.11.12 21:20:14.336,0.89103,0.89141,2.25,1.00
2014.11.12 21:20:15.342,0.89103,0.89141,1.87,1.00
2014.11.12 21:20:15.555,0.89103,0.89141,1.37,1.00
2014.11.12 21:20:15.978,0.891,0.8914,3.00,1.00
2014.11.12 21:20:17.482,0.891,0.8914,1.37,1.00
2014.11.12 21:20:18.083,0.89099,0.8914,3.00,1.00
2014.11.12 21:20:18.651,0.89099,0.89138,3.00,1.00
2014.11.12 21:20:19.922,0.89099,0.89138,1.37,1.00
2014.11.12 21:20:20.592,0.89099,0.89138,1.87,1.00
2014.11.12 21:20:21.150,0.89097,0.89138,1.50,1.00
2014.11.12 21:20:21.201,0.89097,0.89138,1.37,1.00
2014.11.12 21:20:21.501,0.89097,0.89138,1.75,1.00
2014.11.12 21:20:21.803,0.89097,0.89139,1.50,1.00
2014.11.12 21:20:22.705,0.89097,0.89139,1.75,1.00
2014.11.12 21:20:23.007,0.89097,0.89139,1.37,1.00
2014.11.12 21:20:23.208,0.89097,0.89139,1.75,1.00
2014.11.12 21:20:26.471,0.89097,0.89138,1.50,1.00
2014.11.12 21:20:26.625,0.89097,0.89138,1.37,1.12
2014.11.12 21:20:26.776,0.89098,0.89138,1.00,1.37
2014.11.12 21:20:33.051,0.89098,0.89137,1.00,1.37
2014.11.12 21:20:33.800,0.89097,0.89138,1.12,1.37
2014.11.12 21:20:34.452,0.89097,0.89138,1.00,1.37
2014.11.12 21:20:36.491,0.89097,0.89135,1.00,1.37
2014.11.12 21:20:36.658,0.89097,0.89135,1.00,1.12
2014.11.12 21:20:54.217,0.89098,0.89136,1.00,1.37
2014.11.12 21:20:54.433,0.89093,0.89136,1.37,1.37
2014.11.12 21:20:55.093,0.89098,0.89136,1.00,1.37
2014.11.12 21:20:55.202,0.89093,0.89136,1.37,1.37
2014.11.12 21:21:04.550,0.89098,0.89136,1.00,1.37
2014.11.12 21:21:04.990,0.89092,0.89136,1.37,1.37
2014.11.12 21:21:08.953,0.89098,0.89136,1.00,1.37
2014.11.12 21:21:09.171,0.89092,0.89136,1.37,1.37
2014.11.12 21:21:09.544,0.89098,0.89138,1.00,1.37
2014.11.12 21:21:12.689,0.89097,0.89136,1.00,1.37
2014.11.12 21:21:13.460,0.89098,0.89136,1.00,1.37
2014.11.12 21:21:14.168,0.89098,0.89136,1.00,1.00
2014.11.12 21:21:14.669,0.89098,0.89139,1.00,1.37
2014.11.12 21:21:20.898,0.89098,0.8914,1.00,1.50
2014.11.12 21:21:22.494,0.89097,0.8914,1.12,1.50
2014.11.12 21:21:23.361,0.89098,0.8914,1.00,1.50
2014.11.12 21:21:27.430,0.89097,0.8914,1.12,1.50
2014.11.12 21:21:29.520,0.89098,0.8914,1.00,1.50
2014.11.12 21:21:33.480,0.89097,0.8914,1.12,2.25
2014.11.12 21:21:39.408,0.89097,0.89138,1.00,2.10
2014.11.12 21:21:39.749,0.89088,0.89126,1.75,1.00
2014.11.12 21:21:42.379,0.89088,0.89125,1.75,1.00
2014.11.12 21:21:45.239,0.89093,0.89127,1.37,1.00
2014.11.12 21:21:45.783,0.89091,0.89127,2.25,1.00
2014.11.12 21:21:46.165,0.89091,0.89138,1.87,1.87
2014.11.12 21:21:46.500,0.89098,0.89138,1.00,1.37
2014.11.12 21:21:46.550,0.89098,0.89138,1.00,1.37
2014.11.12 21:21:47.522,0.89097,0.89138,1.12,1.37
2014.11.12 21:21:51.620,0.89097,0.89133,1.12,1.00
2014.11.12 21:21:52.509,0.89092,0.89133,1.37,1.00
2014.11.12 21:21:55.260,0.89098,0.89133,1.00,1.00
2014.11.12 21:21:56.469,0.89093,0.89133,1.37,1.00
2014.11.12 21:21:56.929,0.89093,0.89131,1.37,1.00
2014.11.12 21:22:02.509,0.89097,0.89132,1.12,1.00
2014.11.12 21:22:08.129,0.89098,0.89132,1.00,1.00
2014.11.12 21:22:11.762,0.89093,0.89132,2.62,1.00
2014.11.12 21:22:12.517,0.89093,0.89132,3.00,1.00
2014.11.12 21:22:14.031,0.89093,0.89132,2.62,1.00
2014.11.12 21:22:14.559,0.89093,0.89132,3.00,1.00
2014.11.12 21:22:16.645,0.89093,0.89132,1.87,1.00
2014.11.12 21:22:17.146,0.89097,0.89132,1.37,1.00
2014.11.12 21:22:32.575,0.89098,0.89129,1.00,1.00
2014.11.12 21:22:32.926,0.89093,0.89129,2.62,1.00
2014.11.12 21:22:33.528,0.89097,0.89139,1.00,1.37
2014.11.12 21:22:34.679,0.89097,0.89139,1.37,1.37
2014.11.12 21:22:38.787,0.89097,0.89138,1.12,1.37
2014.11.12 21:22:38.989,0.89097,0.89138,1.12,1.37
2014.11.12 21:22:49.656,0.89098,0.89139,1.00,1.37
2014.11.12 21:23:03.599,0.89097,0.89138,1.12,1.37
2014.11.12 21:23:10.857,0.89097,0.89138,1.00,1.50
2014.11.12 21:23:11.738,0.89098,0.89138,1.00,1.50
2014.11.12 21:23:11.908,0.89097,0.89139,1.37,1.37
2014.11.12 21:23:12.529,0.89098,0.89139,1.00,1.37
2014.11.12 21:23:13.031,0.89097,0.89139,1.37,1.12
2014.11.12 21:23:13.464,0.89098,0.89139,1.00,1.37
2014.11.12 21:23:16.408,0.89098,0.89139,1.00,1.50
2014.11.12 21:23:17.018,0.89097,0.89139,1.00,1.50
2014.11.12 21:23:18.547,0.89097,0.89131,1.00,1.00
2014.11.12 21:23:19.618,0.89098,0.8914,1.00,1.37
2014.11.12 21:23:20.901,0.89098,0.8914,1.12,1.37
2014.11.12 21:23:21.218,0.89097,0.8914,1.37,1.37
2014.11.12 21:23:25.819,0.89102,0.8914,1.00,1.37
2014.11.12 21:23:26.698,0.89098,0.8914,1.12,1.37
2014.11.12 21:23:27.248,0.89102,0.8914,1.00,1.37
2014.11.12 21:23:36.616,0.89102,0.8914,1.00,1.50
2014.11.12 21:23:36.742,0.89098,0.8914,1.00,1.50
2014.11.12 21:23:43.857,0.89103,0.89138,1.00,1.37
2014.11.12 21:23:43.972,0.89098,0.89138,1.00,1.37
2014.11.12 21:24:00.137,0.89102,0.89139,1.00,1.37
2014.11.12 21:24:00.687,0.89098,0.89139,1.00,1.37
2014.11.12 21:24:00.967,0.89098,0.89142,1.12,1.87
2014.11.12 21:24:01.248,0.891,0.89142,1.00,1.87
2014.11.12 21:24:01.567,0.89103,0.89142,1.12,1.37
2014.11.12 21:24:02.500,0.891,0.89142,1.50,1.50
2014.11.12 21:24:03.976,0.89102,0.89142,1.37,1.50
2014.11.12 21:24:04.387,0.89103,0.89142,2.25,1.50
2014.11.12 21:24:09.557,0.89102,0.8914,1.75,1.00
2014.11.12 21:24:10.497,0.89102,0.8914,1.75,1.00
2014.11.12 21:24:12.006,0.89102,0.8914,1.37,1.00
2014.11.12 21:24:12.208,0.89102,0.8914,1.75,1.00
2014.11.12 21:24:12.868,0.89104,0.89141,1.37,1.00
2014.11.12 21:24:19.778,0.89102,0.89141,1.37,1.00
2014.11.12 21:24:30.076,0.89102,0.89141,3.00,1.00
2014.11.12 21:24:37.117,0.89102,0.89141,3.00,1.00
2014.11.12 21:24:37.218,0.89102,0.89141,2.62,1.00
2014.11.12 21:24:37.279,0.89102,0.89141,3.00,1.00
2014.11.12 21:24:37.380,0.89102,0.89141,2.62,1.00
2014.11.12 21:24:37.482,0.89102,0.89141,3.00,1.00
2014.11.12 21:24:38.596,0.89102,0.89142,3.00,1.00
2014.11.12 21:24:39.492,0.89102,0.89142,2.62,1.00
2014.11.12 21:24:39.593,0.89102,0.89142,3.00,1.00
2014.11.12 21:24:44.536,0.89104,0.89141,1.75,1.00
2014.11.12 21:24:50.585,0.89104,0.8914,1.75,1.00
2014.11.12 21:24:53.557,0.89104,0.89141,1.75,1.00
2014.11.12 21:24:54.555,0.89104,0.89141,1.37,1.00
2014.11.12 21:24:55.468,0.89104,0.89141,1.37,1.00
2014.11.12 21:24:55.569,0.89104,0.89143,1.37,1.00
2014.11.12 21:24:58.476,0.89104,0.89143,1.37,1.00
2014.11.12 21:24:58.577,0.89104,0.89143,1.12,1.00
2014.11.12 21:25:01.389,0.89101,0.89143,1.37,1.12
2014.11.12 21:25:06.700,0.89103,0.89144,1.37,1.12
2014.11.12 21:25:07.903,0.89103,0.89144,1.37,1.00
2014.11.12 21:25:11.548,0.89103,0.89144,1.37,1.00
2014.11.12 21:25:16.547,0.89103,0.89145,1.37,1.12
2014.11.12 21:25:16.606,0.89101,0.89142,1.37,1.00
2014.11.12 21:25:17.156,0.89101,0.89143,1.37,1.00
2014.11.12 21:25:17.818,0.89101,0.89142,1.37,1.00
2014.11.12 21:25:34.451,0.89101,0.89142,1.37,1.00
2014.11.12 21:25:34.717,0.89099,0.89142,2.25,1.00
2014.11.12 21:25:36.608,0.89098,0.89142,1.37,1.37
2014.11.12 21:25:37.409,0.89098,0.89142,1.37,1.37
2014.11.12 21:25:37.641,0.89098,0.89142,1.37,1.37
2014.11.12 21:25:37.712,0.89098,0.89142,1.37,1.37
2014.11.12 21:25:38.217,0.89098,0.89142,1.37,1.37
2014.11.12 21:26:39.156,0.89097,0.89143,1.37,2.25
2014.11.12 21:26:51.532,0.89098,0.89142,1.12,1.37
2014.11.12 21:26:53.838,0.89098,0.89142,1.12,1.37
2014.11.12 21:27:06.371,0.89098,0.89142,1.37,1.37
2014.11.12 21:27:06.472,0.89098,0.89142,1.37,1.37
2014.11.12 21:27:06.785,0.89098,0.89142,1.75,1.12
2014.11.12 21:27:07.197,0.89098,0.89142,1.75,1.00
2014.11.12 21:27:07.648,0.89103,0.89145,1.87,1.00
2014.11.12 21:27:07.967,0.89103,0.89143,1.87,1.00
2014.11.12 21:27:08.174,0.89103,0.89145,2.62,1.00
2014.11.12 21:27:10.264,0.89102,0.89143,1.50,1.00
2014.11.12 21:27:11.797,0.89102,0.89143,1.37,1.00
2014.11.12 21:27:17.650,0.89103,0.89144,1.37,1.00
2014.11.12 21:27:19.094,0.89103,0.89144,1.37,1.37
2014.11.12 21:27:21.252,0.89102,0.89144,1.37,1.37
2014.11.12 21:27:22.763,0.89102,0.89144,1.37,1.37
2014.11.12 21:27:25.798,0.89102,0.89143,1.37,1.37
2014.11.12 21:27:34.358,0.89105,0.89144,1.37,1.00
2014.11.12 21:27:35.134,0.89105,0.89144,1.75,1.00
2014.11.12 21:27:35.936,0.89108,0.89144,1.37,1.00
2014.11.12 21:27:36.087,0.8911,0.89144,1.37,1.00
2014.11.12 21:27:36.390,0.89116,0.89144,1.37,1.00
2014.11.12 21:27:36.909,0.89115,0.89143,3.00,1.00
2014.11.12 21:27:37.435,0.89116,0.89143,1.50,1.00
2014.11.12 21:27:44.367,0.89116,0.89143,1.37,1.00
2014.11.12 21:27:46.773,0.89116,0.89143,1.50,1.00
2014.11.12 21:27:49.864,0.89116,0.89144,1.50,1.00
2014.11.12 21:27:51.184,0.89116,0.89143,1.50,1.00
2014.11.12 21:27:53.985,0.89116,0.89144,1.50,1.00
2014.11.12 21:27:59.543,0.89117,0.89145,1.37,1.00
2014.11.12 21:28:00.000,0.89117,0.89145,1.37,1.00
2014.11.12 21:28:00.444,0.89117,0.89145,1.37,1.00
2014.11.12 21:28:00.903,0.89117,0.89145,1.50,1.00
2014.11.12 21:28:01.874,0.89117,0.89148,1.50,1.00
2014.11.12 21:28:01.925,0.8912,0.89148,1.37,1.00
2014.11.12 21:28:01.976,0.8912,0.89156,1.37,1.00
2014.11.12 21:28:02.206,0.89124,0.89173,1.37,1.37
2014.11.12 21:28:02.256,0.89124,0.89173,1.75,1.37
2014.11.12 21:28:02.407,0.89124,0.89173,1.75,1.12
2014.11.12 21:28:02.508,0.89127,0.89177,1.00,1.50
2014.11.12 21:28:02.741,0.89127,0.89172,1.00,1.00
2014.11.12 21:28:04.511,0.89127,0.89172,1.37,1.00
2014.11.12 21:28:04.946,0.89131,0.89172,1.37,1.00
2014.11.12 21:28:05.613,0.89131,0.89172,1.37,1.00
2014.11.12 21:28:06.184,0.89135,0.89172,1.00,1.00
2014.11.12 21:28:07.553,0.89132,0.89172,1.37,1.00
2014.11.12 21:28:08.519,0.89132,0.89172,1.37,1.00
2014.11.12 21:28:08.720,0.89132,0.89172,1.75,1.00
2014.11.12 21:28:09.454,0.89135,0.89172,1.37,1.00
2014.11.12 21:28:09.555,0.89131,0.89172,1.00,1.00
2014.11.12 21:28:09.655,0.89131,0.89172,1.37,1.00
2014.11.12 21:28:10.223,0.89131,0.89172,1.50,1.00
2014.11.12 21:28:10.554,0.89131,0.89172,1.75,1.00
2014.11.12 21:28:11.757,0.89141,0.89172,1.00,1.00
2014.11.12 21:28:12.060,0.89136,0.89172,1.75,1.00
2014.11.12 21:28:12.549,0.89136,0.89172,1.37,1.00
2014.11.12 21:28:12.649,0.8914,0.89172,1.37,1.00
2014.11.12 21:28:12.965,0.89143,0.89177,1.12,1.00
2014.11.12 21:28:13.183,0.89143,0.89168,1.12,1.00
2014.11.12 21:28:13.671,0.89151,0.89168,1.12,1.00
2014.11.12 21:28:13.973,0.89156,0.89168,1.00,1.00
2014.11.12 21:28:14.481,0.89144,0.89168,1.37,1.00
2014.11.12 21:28:16.189,0.8915,0.89168,1.00,1.00
2014.11.12 21:28:16.594,0.89146,0.89168,1.75,1.00
2014.11.12 21:28:16.785,0.89146,0.89168,1.12,1.00
2014.11.12 21:28:17.035,0.89146,0.89173,1.12,1.00
2014.11.12 21:28:18.409,0.8915,0.89173,1.00,1.00
2014.11.12 21:28:18.712,0.89157,0.89173,1.00,1.00
2014.11.12 21:28:18.914,0.89154,0.89173,1.00,1.00
2014.11.12 21:28:19.718,0.89156,0.89173,1.00,1.00
2014.11.12 21:28:20.469,0.89154,0.89173,1.00,1.00
2014.11.12 21:28:21.100,0.89153,0.89173,1.00,1.00
2014.11.12 21:28:21.695,0.89154,0.89173,1.00,1.00
2014.11.12 21:28:21.963,0.89149,0.89173,1.37,1.00
2014.11.12 21:28:22.014,0.89149,0.89173,1.00,1.00
2014.11.12 21:28:24.774,0.89148,0.89173,1.00,1.00
2014.11.12 21:28:24.925,0.89143,0.89173,1.75,1.00
2014.11.12 21:28:25.026,0.89146,0.89173,1.37,1.00
2014.11.12 21:28:25.227,0.89146,0.89173,1.00,1.00
2014.11.12 21:28:25.613,0.89146,0.89178,1.00,1.00
2014.11.12 21:28:27.524,0.89144,0.89178,1.00,1.00
2014.11.12 21:28:29.504,0.89147,0.89178,1.00,1.00
2014.11.12 21:28:29.893,0.8915,0.89177,1.00,1.00
2014.11.12 21:28:32.706,0.89148,0.89177,1.37,1.00
2014.11.12 21:28:33.207,0.89148,0.89178,1.37,1.00
2014.11.12 21:28:33.909,0.89148,0.89177,1.37,1.00
2014.11.12 21:28:34.506,0.89148,0.89177,1.00,1.00
2014.11.12 21:28:34.657,0.89144,0.89177,1.37,1.00
2014.11.12 21:28:34.757,0.89144,0.89183,1.37,1.00
2014.11.12 21:28:34.963,0.89144,0.89177,1.37,1.00
2014.11.12 21:28:36.983,0.89144,0.89178,1.37,1.00
2014.11.12 21:28:37.383,0.89144,0.89183,1.37,1.00
2014.11.12 21:28:37.434,0.89144,0.89183,1.37,1.00
2014.11.12 21:28:39.733,0.89141,0.89178,1.50,1.00
2014.11.12 21:28:42.996,0.89141,0.89177,1.50,1.00
2014.11.12 21:28:44.423,0.89141,0.89187,1.50,1.00
2014.11.12 21:28:47.256,0.89141,0.89187,1.37,1.00
2014.11.12 21:28:47.376,0.89138,0.89187,2.62,1.37
2014.11.12 21:28:49.259,0.89138,0.89187,1.50,1.00
2014.11.12 21:28:49.854,0.89138,0.89182,1.50,1.00
2014.11.12 21:28:50.573,0.89138,0.89182,1.75,1.00
2014.11.12 21:28:52.223,0.89138,0.89182,1.50,1.00
2014.11.12 21:28:52.965,0.89138,0.89182,1.75,1.00
2014.11.12 21:28:53.703,0.89138,0.89182,1.50,1.00
2014.11.12 21:28:54.067,0.89138,0.89182,1.00,1.00
2014.11.12 21:28:54.117,0.89142,0.89166,1.50,1.00
2014.11.12 21:28:54.218,0.89134,0.89166,1.37,1.00
2014.11.12 21:28:54.652,0.89128,0.89166,1.75,1.00
2014.11.12 21:28:56.071,0.89127,0.89166,2.62,1.00
2014.11.12 21:28:56.171,0.89127,0.89166,2.62,1.00
2014.11.12 21:28:56.222,0.89123,0.89157,1.37,1.00
2014.11.12 21:28:56.989,0.89117,0.89157,4.50,1.00
2014.11.12 21:28:57.674,0.89117,0.89157,4.50,1.00
2014.11.12 21:28:58.411,0.89119,0.89156,1.75,1.00
2014.11.12 21:29:01.393,0.89119,0.89155,1.37,1.00
2014.11.12 21:29:01.681,0.89118,0.89155,1.37,1.00
2014.11.12 21:29:02.984,0.89116,0.89155,1.87,1.00
2014.11.12 21:29:07.792,0.89118,0.89155,1.87,1.00
2014.11.12 21:29:08.706,0.89118,0.89155,2.25,1.00
2014.11.12 21:29:09.898,0.89122,0.89155,1.87,1.00
2014.11.12 21:29:10.627,0.89122,0.89156,1.87,1.00
2014.11.12 21:29:13.572,0.89122,0.89155,1.87,1.00
2014.11.12 21:29:17.658,0.89122,0.89155,1.50,1.00
2014.11.12 21:29:18.612,0.89122,0.89155,1.00,1.00
2014.11.12 21:29:18.663,0.89116,0.89145,1.37,1.00
2014.11.12 21:29:18.864,0.89119,0.89168,1.37,2.40
2014.11.12 21:29:18.965,0.89119,0.89168,1.75,1.00
2014.11.12 21:29:19.016,0.89126,0.89175,1.00,1.37
2014.11.12 21:29:19.066,0.8913,0.89179,1.37,1.37
2014.11.12 21:29:19.217,0.89133,0.89182,1.37,1.87
2014.11.12 21:29:19.569,0.89136,0.89182,1.00,1.00
2014.11.12 21:29:20.282,0.89136,0.89183,1.00,1.00
2014.11.12 21:29:21.433,0.89136,0.89183,1.00,1.37
2014.11.12 21:29:23.087,0.89131,0.89182,1.37,1.12
2014.11.12 21:29:23.613,0.89131,0.89182,1.37,1.00
2014.11.12 21:29:23.916,0.89136,0.89182,1.37,1.00
2014.11.12 21:29:25.095,0.89136,0.89182,1.00,1.00
2014.11.12 21:29:25.145,0.89136,0.89157,1.00,1.00
2014.11.12 21:29:25.246,0.89124,0.89157,1.87,1.00
2014.11.12 21:29:26.772,0.89124,0.8916,1.87,1.00
2014.11.12 21:29:29.192,0.89124,0.89157,1.87,1.00
2014.11.12 21:29:30.073,0.89124,0.89162,1.87,1.00
2014.11.12 21:29:32.711,0.89123,0.89162,2.62,1.00
2014.11.12 21:29:33.227,0.89123,0.89162,1.87,1.00
2014.11.12 21:29:33.882,0.8912,0.89162,1.87,1.00
2014.11.12 21:29:34.033,0.89121,0.89162,1.87,1.00
2014.11.12 21:29:35.104,0.89121,0.89162,2.25,1.00
2014.11.12 21:29:36.594,0.89121,0.89162,1.87,1.00
2014.11.12 21:29:42.833,0.89121,0.89168,1.87,1.37
2014.11.12 21:29:42.934,0.89124,0.89168,1.87,1.12
2014.11.12 21:29:43.753,0.89124,0.89167,1.87,1.00
2014.11.12 21:29:46.591,0.89125,0.89168,1.87,1.00
2014.11.12 21:29:48.933,0.89122,0.89172,1.75,1.00
2014.11.12 21:29:48.983,0.89139,0.89187,1.00,1.75
2014.11.12 21:29:49.172,0.89139,0.89186,1.37,1.00
2014.11.12 21:29:51.063,0.89143,0.89187,1.00,1.37
2014.11.12 21:29:52.471,0.89146,0.89187,1.00,1.00
2014.11.12 21:29:56.684,0.89142,0.89187,1.00,1.00
2014.11.12 21:29:57.242,0.89142,0.89188,1.00,1.00
2014.11.12 21:30:01.310,0.89147,0.89188,1.00,1.00
2014.11.12 21:30:01.642,0.8915,0.89188,1.00,1.00
2014.11.12 21:30:01.693,0.8915,0.89202,1.00,1.37
2014.11.12 21:30:01.743,0.89158,0.89209,1.00,1.75
2014.11.12 21:30:02.306,0.89158,0.89209,1.00,1.75
2014.11.12 21:30:02.719,0.8916,0.89213,1.00,1.75
2014.11.12 21:30:04.025,0.89158,0.89206,1.00,1.75
2014.11.12 21:30:04.190,0.89158,0.89206,1.00,1.75
2014.11.12 21:30:04.378,0.89153,0.89206,1.00,1.75
2014.11.12 21:30:04.590,0.89153,0.89206,1.00,1.75
2014.11.12 21:30:04.641,0.89147,0.892,1.00,1.75
2014.11.12 21:30:04.691,0.89147,0.892,1.00,1.75
2014.11.12 21:30:04.742,0.89141,0.89194,1.00,1.75
2014.11.12 21:30:05.103,0.89141,0.89188,1.00,1.37
2014.11.12 21:30:05.203,0.89141,0.89183,1.37,1.00
2014.11.12 21:30:05.720,0.89139,0.89182,2.62,1.00
2014.11.12 21:30:05.820,0.89139,0.89182,2.62,1.00
2014.11.12 21:30:06.613,0.89142,0.89182,1.50,1.00
2014.11.12 21:30:09.301,0.89142,0.89182,1.87,1.00
2014.11.12 21:30:09.742,0.89142,0.89182,1.50,1.00
2014.11.12 21:30:09.793,0.89139,0.89182,2.62,1.00
2014.11.12 21:30:11.776,0.89142,0.89182,1.50,1.00
2014.11.12 21:30:14.534,0.89142,0.89183,1.50,1.00
2014.11.12 21:30:15.313,0.89142,0.89182,1.50,1.00
2014.11.12 21:30:15.413,0.89145,0.89187,1.00,1.12
2014.11.12 21:30:15.464,0.89145,0.89187,1.75,1.00
2014.11.12 21:30:15.663,0.89147,0.89187,1.50,1.00
2014.11.12 21:30:15.764,0.89143,0.89192,1.87,2.25
2014.11.12 21:30:15.954,0.89143,0.89188,1.50,1.12
2014.11.12 21:30:16.182,0.89143,0.89182,1.50,1.00
2014.11.12 21:30:16.671,0.89143,0.89187,1.87,1.00
2014.11.12 21:30:17.292,0.89143,0.89187,1.87,1.00
2014.11.12 21:30:17.393,0.89148,0.8919,1.50,1.00
2014.11.12 21:30:17.722,0.89149,0.89187,2.25,1.00
2014.11.12 21:30:17.832,0.89149,0.89195,2.25,1.37
2014.11.12 21:30:17.972,0.89147,0.89195,1.87,1.50
2014.11.12 21:30:18.025,0.89147,0.89195,1.50,1.75
2014.11.12 21:30:18.176,0.89144,0.89189,1.87,1.00
2014.11.12 21:30:18.523,0.89143,0.89187,1.87,1.00
2014.11.12 21:30:19.592,0.89143,0.89188,1.87,1.00
2014.11.12 21:30:20.649,0.89143,0.89188,1.87,1.00
2014.11.12 21:30:21.072,0.89142,0.89188,1.50,1.00
2014.11.12 21:30:21.414,0.8916,0.89202,2.25,1.00
2014.11.12 21:30:21.465,0.8916,0.89207,2.25,1.37
2014.11.12 21:30:21.992,0.8916,0.89203,2.25,1.00
2014.11.12 21:30:23.663,0.8916,0.89202,2.25,1.00
2014.11.12 21:30:24.222,0.8916,0.89203,2.25,1.00
2014.11.12 21:30:24.353,0.89159,0.89203,2.25,1.00
2014.11.12 21:30:24.654,0.89169,0.89218,2.25,1.37
2014.11.12 21:30:24.755,0.89172,0.89218,1.87,1.00
2014.11.12 21:30:24.876,0.89172,0.89222,1.87,2.25
2014.11.12 21:30:25.773,0.89168,0.89219,1.37,1.37
2014.11.12 21:30:26.346,0.89168,0.89219,1.87,1.37
2014.11.12 21:30:28.850,0.89168,0.89219,1.87,1.50
2014.11.12 21:30:29.336,0.89185,0.89213,1.00,1.12
2014.11.12 21:30:29.387,0.89185,0.89216,1.00,1.00
2014.11.12 21:30:29.487,0.8919,0.8922,2.25,1.00
2014.11.12 21:30:29.588,0.89195,0.89223,1.87,1.00
2014.11.12 21:30:29.689,0.89195,0.89223,2.25,1.00
2014.11.12 21:30:29.739,0.89195,0.89232,2.25,1.00
2014.11.12 21:30:29.963,0.89194,0.89232,2.25,1.00
2014.11.12 21:30:30.072,0.89192,0.89232,1.87,1.00
2014.11.12 21:30:30.174,0.89182,0.89232,1.50,1.00
2014.11.12 21:30:30.275,0.89177,0.89228,1.00,1.00
2014.11.12 21:30:30.483,0.89177,0.89222,1.00,1.00
2014.11.12 21:30:30.592,0.89177,0.89228,1.00,1.50
2014.11.12 21:30:30.693,0.89173,0.89226,1.00,1.00
2014.11.12 21:30:31.143,0.89173,0.89222,1.00,1.00
2014.11.12 21:30:31.194,0.89171,0.89222,1.00,1.50
2014.11.12 21:30:31.295,0.89168,0.89219,1.00,1.00
2014.11.12 21:30:32.112,0.8917,0.89219,1.50,1.00
2014.11.12 21:30:32.462,0.89167,0.89218,1.37,1.50
2014.11.12 21:30:33.764,0.89167,0.89218,1.37,1.50
2014.11.12 21:30:34.662,0.89167,0.89213,1.37,1.12
2014.11.12 21:30:35.148,0.89167,0.89208,1.37,1.00
2014.11.12 21:30:35.198,0.89164,0.89208,1.37,1.00
2014.11.12 21:30:35.299,0.89164,0.89208,1.37,1.00
2014.11.12 21:30:36.371,0.89164,0.89208,1.37,1.12
2014.11.12 21:30:37.412,0.89164,0.89207,1.37,1.00
2014.11.12 21:30:38.165,0.89164,0.89213,1.37,1.50
2014.11.12 21:30:39.924,0.89164,0.89212,1.37,1.37
2014.11.12 21:30:40.193,0.89168,0.89217,1.00,1.50
2014.11.12 21:30:40.821,0.89167,0.89217,1.12,1.50
2014.11.12 21:30:43.432,0.89167,0.89215,1.37,1.12
2014.11.12 21:30:43.533,0.89167,0.89215,1.87,1.37
2014.11.12 21:30:43.599,0.89167,0.89215,1.87,1.00
2014.11.12 21:30:44.403,0.89167,0.89215,1.87,1.00
2014.11.12 21:30:44.724,0.89171,0.89215,1.37,1.00
2014.11.12 21:30:45.309,0.89172,0.89215,1.50,1.00
2014.11.12 21:30:45.712,0.89168,0.89215,3.37,1.00
2014.11.12 21:30:46.913,0.89169,0.89213,1.87,1.00
2014.11.12 21:30:47.972,0.89169,0.89217,1.87,1.12
2014.11.12 21:30:49.402,0.89169,0.89212,1.87,1.00
2014.11.12 21:30:50.830,0.8917,0.89212,1.87,1.37
2014.11.12 21:30:51.131,0.89164,0.89215,1.12,3.00
2014.11.12 21:30:51.182,0.89164,0.89213,1.37,1.50
2014.11.12 21:30:51.234,0.89164,0.89213,1.37,1.37
2014.11.12 21:30:52.037,0.89166,0.89212,1.87,1.00
2014.11.12 21:30:56.080,0.89166,0.89212,1.87,1.37
2014.11.12 21:30:56.382,0.89164,0.89207,1.37,1.00
2014.11.12 21:31:00.212,0.89164,0.89206,1.87,1.00
2014.11.12 21:31:05.601,0.89164,0.89205,1.87,1.00
2014.11.12 21:31:08.820,0.89164,0.89205,1.87,1.00
2014.11.12 21:31:10.223,0.89164,0.89201,1.87,1.00
2014.11.12 21:31:14.406,0.89163,0.89201,1.87,1.00
2014.11.12 21:31:14.507,0.89168,0.89201,1.87,1.00
2014.11.12 21:31:14.557,0.89168,0.89212,1.87,1.87
2014.11.12 21:31:16.366,0.89169,0.89212,1.87,1.50
2014.11.12 21:31:17.567,0.89169,0.89211,1.87,1.00
2014.11.12 21:31:19.461,0.89168,0.89212,1.87,1.50
2014.11.12 21:31:24.651,0.89168,0.89211,1.87,1.00
2014.11.12 21:31:25.641,0.89167,0.89211,1.37,1.00
2014.11.12 21:31:25.742,0.89171,0.89211,1.87,1.00
2014.11.12 21:31:26.022,0.8917,0.89211,2.25,1.00
2014.11.12 21:31:26.411,0.8917,0.89211,1.37,1.00
2014.11.12 21:31:26.831,0.8917,0.89206,2.62,1.00
2014.11.12 21:31:27.618,0.89171,0.89206,1.87,1.00
2014.11.12 21:31:28.169,0.89171,0.89206,2.25,1.00
2014.11.12 21:31:31.538,0.89172,0.89206,2.25,1.00
2014.11.12 21:31:31.588,0.89172,0.8921,2.25,1.00
2014.11.12 21:31:33.544,0.89173,0.8921,1.00,1.00
2014.11.12 21:31:34.063,0.89171,0.89209,1.87,1.00
2014.11.12 21:31:35.055,0.89172,0.89209,1.87,1.00
2014.11.12 21:31:36.151,0.89173,0.8921,1.37,1.00
2014.11.12 21:31:37.060,0.89173,0.8921,1.37,1.00
2014.11.12 21:31:46.081,0.89173,0.89217,1.37,1.12
2014.11.12 21:31:46.132,0.89173,0.89217,1.75,1.00
2014.11.12 21:31:46.434,0.89177,0.8921,1.37,1.00
2014.11.12 21:31:46.534,0.89177,0.8921,1.00,1.00
2014.11.12 21:31:46.601,0.89174,0.8921,1.87,1.00
2014.11.12 21:31:50.610,0.89174,0.89209,1.87,1.00
2014.11.12 21:31:50.711,0.89172,0.89209,2.62,1.00
2014.11.12 21:31:54.851,0.89172,0.89202,1.37,1.00
2014.11.12 21:31:55.177,0.89169,0.89202,1.87,1.00
2014.11.12 21:31:56.681,0.89169,0.89202,1.87,1.00
2014.11.12 21:31:56.732,0.89169,0.8921,1.87,1.00
2014.11.12 21:31:56.783,0.89169,0.8921,1.87,1.00
2014.11.12 21:31:56.883,0.89167,0.8921,3.75,1.00
2014.11.12 21:31:57.187,0.8917,0.8921,2.25,1.00
2014.11.12 21:31:59.611,0.8917,0.89211,2.25,1.00
2014.11.12 21:32:00.693,0.89168,0.89211,1.87,1.00
2014.11.12 21:32:00.894,0.89168,0.89211,2.25,1.00
2014.11.12 21:32:02.190,0.89169,0.89208,2.25,1.00
2014.11.12 21:32:02.511,0.89171,0.89208,3.00,1.00
2014.11.12 21:32:02.618,0.89183,0.89212,1.00,1.00
2014.11.12 21:32:02.719,0.89183,0.89222,2.25,1.00
2014.11.12 21:32:02.923,0.8919,0.89231,1.00,1.00
2014.11.12 21:32:02.978,0.89185,0.89231,1.00,1.00
2014.11.12 21:32:03.478,0.89185,0.89225,1.00,1.00
2014.11.12 21:32:04.911,0.89183,0.89225,1.00,1.00
2014.11.12 21:32:05.220,0.89183,0.89229,1.00,1.37
2014.11.12 21:32:05.850,0.89179,0.89227,1.37,1.00
2014.11.12 21:32:05.901,0.89173,0.89226,1.00,1.12
2014.11.12 21:32:06.002,0.89173,0.89226,1.75,1.50
2014.11.12 21:32:07.106,0.89173,0.89224,1.75,1.12
2014.11.12 21:32:07.206,0.89177,0.89224,1.75,1.12
2014.11.12 21:32:08.313,0.89177,0.89224,1.50,1.00
2014.11.12 21:32:08.651,0.89177,0.89224,1.00,1.00
2014.11.12 21:32:08.761,0.89172,0.89224,1.87,1.12
2014.11.12 21:32:08.817,0.89172,0.89224,1.87,1.37
2014.11.12 21:32:09.370,0.89183,0.89224,1.00,1.37
2014.11.12 21:32:09.750,0.89183,0.89229,1.12,1.00
2014.11.12 21:32:11.950,0.89177,0.89229,1.75,1.37
2014.11.12 21:32:12.030,0.89177,0.89229,1.75,1.00
2014.11.12 21:32:12.081,0.89179,0.89231,1.75,1.12
2014.11.12 21:32:12.132,0.89179,0.89231,1.75,1.00
2014.11.12 21:32:12.636,0.89189,0.89232,1.00,1.00
2014.11.12 21:32:12.940,0.89189,0.89227,1.37,1.00
2014.11.12 21:32:13.144,0.89189,0.89227,1.00,1.00
2014.11.12 21:32:13.489,0.89184,0.89227,1.37,1.00
2014.11.12 21:32:13.540,0.89184,0.89227,1.00,1.37
2014.11.12 21:32:13.590,0.89178,0.89227,1.00,1.37
2014.11.12 21:32:14.644,0.89178,0.89227,1.75,1.37
2014.11.12 21:32:14.846,0.89178,0.89229,2.25,1.00
2014.11.12 21:32:15.346,0.89178,0.89209,1.75,1.00
2014.11.12 21:32:15.397,0.89178,0.89209,1.00,1.00
2014.11.12 21:32:15.447,0.89181,0.89209,1.50,1.00
2014.11.12 21:32:15.548,0.89172,0.89209,1.87,1.00
2014.11.12 21:32:15.699,0.89169,0.89208,1.37,1.00
2014.11.12 21:32:15.750,0.89169,0.89208,1.00,1.00
2014.11.12 21:32:15.851,0.89168,0.89208,1.37,1.00
2014.11.12 21:32:16.461,0.89168,0.89208,2.25,1.00
2014.11.12 21:32:16.769,0.89172,0.89209,1.50,1.00
2014.11.12 21:32:20.063,0.89172,0.89209,1.75,1.00
2014.11.12 21:32:21.280,0.89172,0.89208,1.75,1.00
2014.11.12 21:32:24.255,0.89172,0.89209,1.75,1.00
2014.11.12 21:32:26.407,0.89172,0.89209,1.75,1.00
2014.11.12 21:32:27.329,0.89172,0.89208,1.75,1.00
2014.11.12 21:32:30.870,0.89176,0.89217,1.37,1.00
2014.11.12 21:32:30.921,0.89182,0.89217,1.75,1.00
2014.11.12 21:32:30.971,0.89182,0.89227,1.75,1.00
2014.11.12 21:32:31.123,0.89185,0.89227,1.75,1.00
2014.11.12 21:32:31.325,0.89194,0.89233,1.00,1.00
2014.11.12 21:32:32.061,0.89194,0.89234,1.00,1.00
2014.11.12 21:32:32.162,0.89194,0.89234,1.37,1.00
2014.11.12 21:32:32.470,0.89194,0.89234,1.75,1.00
2014.11.12 21:32:32.754,0.89194,0.89237,1.75,1.00
2014.11.12 21:32:32.855,0.89194,0.89237,1.37,1.00
2014.11.12 21:32:33.829,0.89194,0.89239,1.37,1.00
2014.11.12 21:32:34.622,0.89194,0.89243,1.12,1.00
2014.11.12 21:32:34.723,0.89194,0.89245,1.37,1.00
2014.11.12 21:32:35.073,0.89198,0.89243,1.12,1.00
2014.11.12 21:32:35.378,0.89193,0.89238,1.75,1.00
2014.11.12 21:32:35.428,0.89193,0.89238,1.50,1.12
2014.11.12 21:32:35.625,0.89188,0.89238,2.25,1.37
2014.11.12 21:32:36.427,0.89188,0.89237,2.25,1.37
2014.11.12 21:32:38.710,0.89188,0.89231,3.75,1.00
2014.11.12 21:32:39.992,0.89188,0.89231,1.37,1.00
2014.11.12 21:32:40.448,0.89188,0.89231,1.50,1.00
2014.11.12 21:32:40.650,0.89188,0.89231,1.37,1.00
2014.11.12 21:32:40.750,0.89192,0.89236,1.00,1.12
2014.11.12 21:32:42.000,0.89192,0.89236,1.37,1.37
2014.11.12 21:32:50.104,0.89197,0.89236,1.50,1.50
2014.11.12 21:32:50.306,0.89202,0.89251,1.75,1.00
2014.11.12 21:32:50.407,0.89206,0.89253,1.37,1.37
2014.11.12 21:32:50.608,0.89205,0.89253,2.25,1.12
2014.11.12 21:32:50.795,0.89208,0.89255,1.50,1.37
2014.11.12 21:32:52.116,0.89202,0.8925,3.00,1.00
2014.11.12 21:32:53.640,0.89199,0.89247,1.37,1.00
2014.11.12 21:32:53.741,0.89199,0.89243,1.37,1.00
2014.11.12 21:32:54.012,0.8919,0.89243,1.00,1.00
2014.11.12 21:32:55.920,0.8919,0.89243,1.37,1.50
2014.11.12 21:32:56.668,0.8919,0.89237,1.37,1.00
2014.11.12 21:32:58.832,0.8919,0.89237,1.00,1.00
2014.11.12 21:32:58.936,0.89188,0.89237,1.00,1.00
2014.11.12 21:32:59.534,0.89188,0.89237,1.37,1.00
2014.11.12 21:32:59.685,0.89184,0.89237,1.00,2.25
2014.11.12 21:32:59.736,0.89184,0.89237,1.00,2.25
2014.11.12 21:32:59.786,0.89174,0.89224,1.12,1.75
2014.11.12 21:33:00.165,0.89166,0.89216,1.37,1.37
2014.11.12 21:33:00.460,0.89163,0.89214,1.75,1.37
2014.11.12 21:33:01.840,0.89163,0.89214,1.75,1.37
2014.11.12 21:33:04.845,0.89163,0.89214,1.75,1.00
2014.11.12 21:33:06.370,0.89163,0.89214,1.75,1.00
2014.11.12 21:33:07.710,0.89168,0.89219,1.75,1.12
2014.11.12 21:33:07.989,0.89171,0.89221,1.37,1.00
2014.11.12 21:33:08.090,0.89171,0.89221,1.37,1.37
2014.11.12 21:33:08.291,0.89167,0.89219,1.37,1.37
2014.11.12 21:33:08.799,0.89167,0.89219,1.00,1.37
2014.11.12 21:33:09.201,0.89167,0.89219,1.00,1.75
2014.11.12 21:33:09.629,0.89165,0.89216,1.12,1.37
2014.11.12 21:33:09.679,0.89165,0.89216,1.00,1.50
2014.11.12 21:33:09.890,0.89165,0.89216,1.00,1.00
2014.11.12 21:33:10.139,0.89168,0.89219,1.00,1.37
2014.11.12 21:33:10.469,0.89171,0.89221,1.37,1.37
2014.11.12 21:33:11.381,0.89171,0.89221,1.00,1.00
2014.11.12 21:33:11.481,0.89168,0.89218,1.37,1.12
2014.11.12 21:33:11.790,0.89165,0.89216,1.50,1.00
2014.11.12 21:33:12.655,0.89167,0.89219,1.37,1.37
2014.11.12 21:33:14.766,0.89167,0.89219,1.00,1.00
2014.11.12 21:33:14.866,0.89167,0.89219,1.75,1.00
2014.11.12 21:33:15.168,0.8917,0.89212,1.50,1.12
2014.11.12 21:33:15.219,0.89167,0.89212,1.00,1.12
2014.11.12 21:33:15.319,0.89161,0.89212,1.00,1.00
2014.11.12 21:33:15.699,0.89161,0.89208,2.25,1.00
2014.11.12 21:33:16.081,0.89161,0.89208,3.00,1.00
2014.11.12 21:33:16.182,0.89167,0.89217,1.00,1.00
2014.11.12 21:33:16.282,0.89167,0.89217,1.75,1.37
2014.11.12 21:33:16.383,0.89167,0.89217,1.37,1.00
2014.11.12 21:33:16.484,0.89167,0.89217,1.75,1.00
2014.11.12 21:33:16.909,0.89167,0.89212,1.50,1.37
2014.11.12 21:33:18.183,0.8917,0.89212,2.25,1.00
2014.11.12 21:33:18.876,0.89172,0.89212,1.75,1.00
2014.11.12 21:33:22.610,0.89173,0.89212,1.37,1.00
2014.11.12 21:33:22.660,0.89173,0.89207,1.37,1.00
2014.11.12 21:33:22.911,0.89168,0.89207,1.37,1.00
2014.11.12 21:33:22.962,0.89168,0.89213,1.37,1.00
2014.11.12 21:33:23.063,0.89163,0.89213,1.37,1.50
2014.11.12 21:33:23.213,0.89163,0.89207,1.37,1.00
2014.11.12 21:33:23.496,0.89163,0.89207,1.00,1.00
2014.11.12 21:33:24.318,0.89163,0.89208,1.12,1.00
2014.11.12 21:33:25.804,0.89163,0.89207,1.12,1.00
2014.11.12 21:33:25.855,0.89163,0.89212,1.12,1.00
2014.11.12 21:33:25.905,0.89163,0.89212,1.37,1.00
2014.11.12 21:33:26.140,0.89163,0.89212,1.37,1.00
2014.11.12 21:33:26.339,0.89163,0.89212,1.37,1.37
2014.11.12 21:33:26.640,0.8916,0.89211,1.37,1.37
2014.11.12 21:33:27.399,0.8916,0.89207,1.37,1.00
2014.11.12 21:33:28.899,0.8916,0.89209,1.37,1.37
2014.11.12 21:33:29.430,0.89156,0.89209,1.75,1.37
2014.11.12 21:33:29.760,0.89157,0.89209,1.75,1.37
2014.11.12 21:33:29.816,0.89157,0.89209,1.37,1.00
2014.11.12 21:33:29.942,0.89157,0.89209,1.75,1.37
2014.11.12 21:33:31.969,0.89159,0.89211,1.50,1.00
2014.11.12 21:33:32.079,0.89164,0.89215,1.12,1.37
2014.11.12 21:33:32.835,0.89164,0.89215,1.75,1.37
2014.11.12 21:33:32.935,0.89166,0.89217,3.75,1.00
2014.11.12 21:33:33.036,0.89171,0.89217,1.87,1.00
2014.11.12 21:33:33.409,0.89175,0.89222,1.87,2.62
2014.11.12 21:33:33.929,0.89173,0.89221,1.75,1.37
2014.11.12 21:33:33.980,0.89171,0.89221,1.87,1.50
2014.11.12 21:33:34.080,0.89168,0.89221,3.75,1.87
2014.11.12 21:33:36.650,0.89169,0.89221,2.25,2.25
2014.11.12 21:33:36.951,0.89169,0.89221,1.87,1.50
2014.11.12 21:33:37.102,0.89167,0.89216,1.12,1.75
2014.11.12 21:33:37.529,0.89167,0.89211,1.00,1.37
2014.11.12 21:33:39.059,0.89167,0.89211,1.00,1.00
2014.11.12 21:33:39.210,0.89167,0.89211,1.75,1.12
2014.11.12 21:33:39.511,0.89177,0.89219,1.12,1.37
2014.11.12 21:33:45.400,0.89178,0.89219,1.00,1.37
2014.11.12 21:33:48.586,0.89178,0.89219,1.00,1.00
2014.11.12 21:33:48.687,0.89178,0.89222,1.00,1.00
2014.11.12 21:33:48.788,0.89178,0.89225,1.00,1.87
2014.11.12 21:33:51.439,0.89178,0.89221,1.00,1.12
2014.11.12 21:33:51.749,0.89178,0.89221,1.00,1.37
2014.11.12 21:33:52.401,0.89177,0.89221,1.12,1.37
2014.11.12 21:33:53.177,0.89178,0.89221,1.00,1.37
2014.11.12 21:33:55.629,0.89173,0.89221,1.87,1.37
2014.11.12 21:33:58.939,0.89178,0.89221,1.00,1.37
2014.11.12 21:34:00.919,0.89172,0.89221,3.00,1.37
2014.11.12 21:34:02.925,0.89172,0.89221,2.62,1.37
2014.11.12 21:34:03.622,0.89172,0.89222,2.62,3.00
2014.11.12 21:34:08.841,0.89172,0.89222,2.62,2.62
2014.11.12 21:34:08.891,0.89172,0.89212,2.62,1.00
2014.11.12 21:34:09.543,0.89173,0.89212,1.37,1.00
2014.11.12 21:34:10.298,0.89172,0.89221,2.62,1.75
2014.11.12 21:34:10.600,0.89177,0.89221,1.00,1.75
2014.11.12 21:34:23.283,0.89177,0.8922,1.00,1.00
2014.11.12 21:34:23.384,0.89177,0.8922,1.00,1.75
2014.11.12 21:34:23.521,0.89177,0.89221,1.00,1.50
2014.11.12 21:34:23.723,0.89177,0.89221,1.12,1.37
2014.11.12 21:34:24.678,0.89178,0.89221,1.00,1.37
2014.11.12 21:34:26.582,0.89178,0.89222,1.12,1.37
2014.11.12 21:34:26.733,0.89178,0.89222,1.37,1.37
2014.11.12 21:34:28.030,0.89179,0.89226,1.37,1.00
2014.11.12 21:34:28.131,0.89179,0.89226,1.37,1.00
2014.11.12 21:34:28.458,0.89184,0.89227,1.50,1.50
2014.11.12 21:34:28.798,0.89188,0.89227,1.87,1.00
2014.11.12 21:34:30.705,0.89186,0.89227,2.25,1.00
2014.11.12 21:34:30.758,0.89186,0.89231,2.25,1.00
2014.11.12 21:34:30.959,0.89191,0.89231,1.50,1.00
2014.11.12 21:34:31.141,0.89187,0.89231,1.00,1.00
2014.11.12 21:34:31.242,0.89182,0.89231,1.75,1.37
2014.11.12 21:34:31.617,0.89182,0.89231,1.37,1.75
2014.11.12 21:34:31.768,0.89182,0.89228,1.37,1.37
2014.11.12 21:34:32.078,0.89182,0.89228,1.00,1.75
2014.11.12 21:34:32.605,0.89178,0.89227,1.37,1.75
2014.11.12 21:34:33.137,0.89178,0.89227,1.37,1.37
2014.11.12 21:34:33.437,0.8918,0.89227,1.87,1.37
2014.11.12 21:34:33.538,0.8918,0.89227,2.25,1.00
2014.11.12 21:34:35.535,0.8918,0.89227,2.25,1.00
2014.11.12 21:34:35.837,0.89186,0.89227,1.87,1.00
2014.11.12 21:34:36.089,0.89183,0.89227,1.87,1.00
2014.11.12 21:34:41.353,0.89183,0.89227,1.87,1.37
2014.11.12 21:34:43.867,0.89183,0.89229,2.25,1.37
2014.11.12 21:34:44.183,0.89189,0.89229,1.87,1.12
2014.11.12 21:34:45.198,0.89189,0.89232,2.25,1.00
2014.11.12 21:34:46.173,0.89189,0.89232,2.25,1.00
2014.11.12 21:34:47.214,0.89189,0.89232,2.25,1.00
2014.11.12 21:34:48.180,0.89189,0.89231,2.25,1.00
2014.11.12 21:34:57.802,0.89193,0.89231,1.37,1.00
2014.11.12 21:35:00.568,0.89193,0.89218,1.37,1.00
2014.11.12 21:35:00.619,0.89193,0.89218,1.00,1.00
2014.11.12 21:35:00.720,0.89187,0.89218,1.00,1.00
2014.11.12 21:35:00.821,0.89178,0.89218,2.62,1.00
2014.11.12 21:35:00.921,0.89178,0.89218,1.87,1.12
2014.11.12 21:35:01.267,0.8918,0.89225,1.87,1.00
2014.11.12 21:35:01.468,0.89178,0.89225,1.50,1.00
2014.11.12 21:35:01.670,0.89177,0.89221,1.80,1.00
2014.11.12 21:35:01.826,0.89168,0.89221,1.00,1.00
2014.11.12 21:35:01.877,0.89168,0.89218,1.00,1.00
2014.11.12 21:35:01.978,0.89166,0.89217,1.00,1.00
2014.11.12 21:35:02.739,0.89166,0.89217,1.37,1.00
2014.11.12 21:35:02.790,0.8917,0.8922,1.00,1.00
2014.11.12 21:35:06.026,0.8917,0.8922,1.75,1.37
2014.11.12 21:35:06.368,0.89167,0.89213,1.37,1.50
2014.11.12 21:35:13.348,0.89167,0.89215,1.37,1.37
2014.11.12 21:35:13.448,0.89167,0.89217,1.75,2.25
2014.11.12 21:35:13.779,0.89168,0.89217,1.37,1.75
2014.11.12 21:35:18.349,0.89169,0.89213,1.37,1.37
2014.11.12 21:35:18.913,0.89169,0.89213,1.37,1.37
2014.11.12 21:35:25.398,0.89169,0.89207,1.37,1.00
2014.11.12 21:35:26.610,0.89169,0.89208,1.37,1.00
2014.11.12 21:35:27.047,0.89169,0.89212,1.37,1.12
2014.11.12 21:35:28.189,0.89169,0.89217,1.75,1.37
2014.11.12 21:35:28.366,0.89169,0.89217,1.50,1.37
2014.11.12 21:35:28.417,0.89169,0.89207,1.50,1.00
2014.11.12 21:35:28.705,0.89172,0.89207,1.00,1.00
2014.11.12 21:35:29.210,0.89171,0.89208,1.50,1.00
2014.11.12 21:35:30.718,0.8917,0.89208,1.37,1.00
2014.11.12 21:35:34.638,0.8917,0.89207,1.37,1.00
2014.11.12 21:35:36.383,0.8917,0.89207,1.37,1.50
2014.11.12 21:35:36.850,0.8917,0.89202,1.37,1.00
2014.11.12 21:35:37.058,0.8917,0.89207,1.37,1.00
2014.11.12 21:35:37.108,0.8917,0.89207,1.75,1.00
2014.11.12 21:35:38.185,0.89173,0.89208,1.37,1.00
2014.11.12 21:35:40.496,0.89173,0.89208,1.50,1.00
2014.11.12 21:35:41.018,0.89173,0.89207,1.50,1.00
2014.11.12 21:35:51.841,0.89173,0.89207,1.37,1.00
2014.11.12 21:35:52.359,0.89173,0.89207,1.75,1.00
2014.11.12 21:35:53.178,0.8918,0.89207,1.00,1.00
2014.11.12 21:35:53.329,0.8918,0.89212,1.00,1.00
2014.11.12 21:35:53.447,0.8918,0.89218,1.37,1.50
2014.11.12 21:35:54.657,0.8918,0.89217,1.37,1.00
2014.11.12 21:35:55.678,0.89183,0.89222,1.12,1.00
2014.11.12 21:35:56.158,0.89181,0.89222,1.12,1.37
2014.11.12 21:35:57.791,0.89181,0.89223,1.12,1.12
2014.11.12 21:35:58.838,0.89181,0.89222,1.12,1.00
2014.11.12 21:36:00.817,0.89181,0.89227,1.12,1.37
2014.11.12 21:36:03.126,0.89179,0.89227,1.37,1.75
2014.11.12 21:36:03.426,0.89179,0.89227,1.37,1.37
2014.11.12 21:36:03.761,0.89179,0.89222,1.37,1.37
2014.11.12 21:36:04.638,0.89179,0.89222,1.37,1.12
2014.11.12 21:36:05.439,0.89179,0.89227,1.37,1.75
2014.11.12 21:36:07.459,0.89179,0.89227,1.37,1.75
2014.11.12 21:36:09.280,0.89179,0.89223,1.12,1.37
2014.11.12 21:36:10.886,0.89178,0.89223,1.37,1.37
2014.11.12 21:36:15.203,0.89179,0.89222,1.00,1.00
2014.11.12 21:36:17.657,0.89179,0.89228,1.00,1.37
2014.11.12 21:36:17.723,0.89179,0.89228,1.00,1.37
2014.11.12 21:36:18.615,0.89174,0.89223,1.37,1.00
2014.11.12 21:36:23.652,0.89174,0.89223,1.37,1.37
2014.11.12 21:36:25.556,0.89174,0.89222,1.37,1.12
2014.11.12 21:36:25.657,0.89174,0.89222,1.37,1.37
2014.11.12 21:36:25.890,0.89174,0.89222,1.12,1.00
2014.11.12 21:36:25.991,0.89174,0.89222,1.37,1.37
2014.11.12 21:36:26.091,0.89173,0.89222,1.00,1.12
2014.11.12 21:36:27.166,0.89173,0.89222,1.37,1.12
2014.11.12 21:36:27.874,0.89173,0.89222,1.12,1.00
2014.11.12 21:36:29.836,0.89175,0.89222,1.00,1.00
2014.11.12 21:36:33.427,0.89175,0.89225,1.00,1.00
2014.11.12 21:36:33.927,0.89175,0.89223,1.00,1.00
2014.11.12 21:36:34.530,0.89177,0.89223,1.00,1.00
2014.11.12 21:36:35.689,0.89177,0.89222,1.00,1.00
2014.11.12 21:36:38.067,0.89177,0.89207,1.00,1.00
2014.11.12 21:36:38.876,0.89178,0.89207,1.00,1.00
2014.11.12 21:36:39.352,0.89177,0.89207,1.37,1.00
2014.11.12 21:36:39.403,0.89177,0.89223,1.37,1.00
2014.11.12 21:36:39.647,0.89177,0.89222,1.00,1.00
2014.11.12 21:36:39.698,0.89175,0.89222,1.00,1.00
2014.11.12 21:36:39.857,0.89173,0.89203,1.37,1.00
2014.11.12 21:36:40.754,0.89173,0.89203,1.37,1.00
2014.11.12 21:36:41.521,0.89173,0.89203,1.12,1.00
2014.11.12 21:36:41.622,0.89173,0.89198,1.12,1.00
2014.11.12 21:36:54.236,0.8917,0.89197,1.37,1.00
2014.11.12 21:36:57.206,0.8917,0.89198,1.37,1.00
2014.11.12 21:37:01.058,0.8917,0.89187,1.37,1.00
2014.11.12 21:37:01.109,0.8917,0.89186,1.00,1.00
2014.11.12 21:37:01.210,0.89163,0.89181,1.12,1.00
2014.11.12 21:37:02.378,0.89161,0.89182,1.37,1.00
2014.11.12 21:37:03.366,0.89161,0.89183,1.37,1.00
2014.11.12 21:37:05.676,0.89161,0.89182,1.37,1.00
2014.11.12 21:37:07.106,0.89161,0.89185,1.37,1.00
2014.11.12 21:37:07.331,0.89161,0.89185,1.00,1.00
2014.11.12 21:37:07.432,0.89155,0.89185,1.37,1.00
2014.11.12 21:37:07.596,0.89155,0.89175,1.37,1.00
2014.11.12 21:37:07.646,0.89154,0.89175,1.37,1.00
2014.11.12 21:37:08.057,0.89153,0.89175,1.00,1.00
2014.11.12 21:37:08.108,0.89153,0.89179,1.00,1.00
2014.11.12 21:37:08.208,0.89148,0.89179,1.00,1.00
2014.11.12 21:37:08.866,0.89147,0.89179,1.37,1.00
2014.11.12 21:37:09.480,0.89147,0.89179,1.87,1.00
2014.11.12 21:37:10.626,0.89148,0.89178,1.37,1.00
2014.11.12 21:37:11.018,0.8915,0.89178,1.37,1.00
2014.11.12 21:37:11.119,0.89149,0.89178,1.00,1.00
2014.11.12 21:37:11.170,0.89147,0.89178,1.50,1.00
2014.11.12 21:37:11.221,0.89147,0.89178,1.87,1.00
2014.11.12 21:37:11.835,0.89149,0.89176,1.37,1.00
2014.11.12 21:37:12.176,0.89149,0.89176,1.37,1.00
2014.11.12 21:37:14.805,0.89149,0.89175,1.37,1.00
2014.11.12 21:37:15.576,0.89149,0.89185,1.37,1.00
2014.11.12 21:37:15.727,0.89153,0.89185,1.87,1.00
2014.11.12 21:37:15.929,0.89153,0.892,1.87,1.87
2014.11.12 21:37:16.029,0.89156,0.89207,1.50,1.37
2014.11.12 21:37:16.497,0.89156,0.89207,1.75,1.37
2014.11.12 21:37:19.336,0.89156,0.89178,1.00,1.00
2014.11.12 21:37:19.387,0.89148,0.89178,1.37,1.00
2014.11.12 21:37:19.437,0.89148,0.89178,1.50,1.00
2014.11.12 21:37:19.538,0.89148,0.892,1.50,1.75
2014.11.12 21:37:19.647,0.89148,0.892,1.75,1.50
2014.11.12 21:37:19.748,0.89151,0.89202,1.75,1.50
2014.11.12 21:37:19.849,0.89151,0.89202,1.12,1.37
2014.11.12 21:37:19.899,0.89148,0.89178,1.37,1.00
2014.11.12 21:37:20.226,0.89148,0.89178,1.50,1.00
2014.11.12 21:37:22.725,0.89149,0.89179,1.87,1.00
2014.11.12 21:37:23.656,0.89149,0.89179,1.87,1.00
2014.11.12 21:37:26.188,0.89149,0.89179,2.25,1.00
2014.11.12 21:37:26.356,0.89149,0.89193,2.25,1.37
2014.11.12 21:37:26.507,0.89157,0.89193,2.62,1.00
2014.11.12 21:37:27.076,0.89158,0.89193,1.87,1.00
2014.11.12 21:37:31.855,0.89157,0.89194,1.37,1.00
2014.11.12 21:37:33.596,0.89157,0.89194,1.00,1.00
2014.11.12 21:37:33.647,0.89152,0.89194,1.37,1.00
2014.11.12 21:37:34.826,0.89152,0.89195,1.37,1.00
2014.11.12 21:37:36.390,0.89155,0.89195,1.37,1.00
2014.11.12 21:37:38.796,0.89155,0.89195,1.37,1.12
2014.11.12 21:37:39.820,0.89155,0.89195,1.00,1.37
2014.11.12 21:37:39.921,0.89155,0.89171,1.00,1.00
2014.11.12 21:37:39.972,0.89146,0.89171,1.00,1.00
2014.11.12 21:37:40.540,0.89146,0.89171,1.37,1.00
2014.11.12 21:37:40.604,0.89146,0.89171,1.00,1.00
2014.11.12 21:37:40.875,0.89146,0.89181,1.00,1.00
2014.11.12 21:37:41.335,0.89146,0.89181,1.50,1.00
2014.11.12 21:37:41.535,0.89146,0.89196,1.75,1.75
2014.11.12 21:37:46.838,0.89149,0.89181,1.00,1.00
2014.11.12 21:37:46.888,0.89146,0.89181,1.00,1.00
2014.11.12 21:37:47.039,0.89146,0.89181,1.50,1.00
2014.11.12 21:37:47.374,0.89148,0.89198,1.37,1.20
2014.11.12 21:37:52.895,0.89147,0.89195,1.50,1.37
2014.11.12 21:37:53.853,0.89147,0.89195,1.37,1.37
2014.11.12 21:37:55.100,0.89147,0.89181,1.00,1.00
2014.11.12 21:37:55.150,0.89143,0.89181,1.37,1.00
2014.11.12 21:37:55.402,0.89142,0.89181,1.75,1.00
2014.11.12 21:37:55.553,0.89146,0.89197,1.75,1.75
2014.11.12 21:37:55.704,0.89147,0.89197,1.75,1.50
2014.11.12 21:37:57.768,0.89146,0.89197,1.00,1.75
2014.11.12 21:37:57.819,0.89146,0.89181,1.00,1.00
2014.11.12 21:37:58.020,0.89142,0.89181,1.37,1.00
2014.11.12 21:37:58.071,0.89142,0.89181,1.75,1.00
2014.11.12 21:37:58.272,0.89145,0.89195,1.75,1.75
2014.11.12 21:37:58.672,0.89148,0.89195,1.37,1.37
2014.11.12 21:38:05.625,0.89148,0.89198,1.00,2.25
2014.11.12 21:38:05.927,0.89144,0.89195,1.75,1.75
2014.11.12 21:38:06.225,0.89144,0.89195,3.75,1.37
2014.11.12 21:38:06.325,0.89144,0.89195,3.75,1.37
2014.11.12 21:38:10.025,0.89144,0.89189,3.00,1.00
2014.11.12 21:38:12.113,0.89146,0.89189,1.87,1.00
2014.11.12 21:38:13.105,0.89146,0.8919,1.87,1.12
2014.11.12 21:38:19.265,0.89146,0.89189,1.87,1.00
2014.11.12 21:38:23.115,0.89146,0.89186,1.87,1.00
2014.11.12 21:38:25.814,0.89146,0.89186,1.50,1.00
2014.11.12 21:38:25.865,0.89141,0.89178,1.37,1.00
2014.11.12 21:38:26.167,0.89144,0.89178,1.50,1.00
2014.11.12 21:38:26.469,0.89146,0.89178,2.25,1.00
2014.11.12 21:38:26.620,0.89145,0.89178,1.50,1.00
2014.11.12 21:38:26.721,0.89136,0.89174,1.87,1.00
2014.11.12 21:38:29.385,0.89133,0.89173,1.75,1.00
2014.11.12 21:38:32.354,0.89132,0.89174,2.25,1.00
2014.11.12 21:38:34.334,0.89137,0.89173,1.37,1.00
2014.11.12 21:38:37.304,0.89138,0.89174,1.37,1.00
2014.11.12 21:38:39.025,0.89138,0.89174,1.37,1.00
2014.11.12 21:38:39.076,0.89138,0.89183,1.37,1.50
2014.11.12 21:38:39.177,0.89137,0.89184,1.50,1.37
2014.11.12 21:38:39.278,0.89143,0.89186,1.87,1.00
2014.11.12 21:38:39.644,0.89143,0.89186,1.75,1.00
2014.11.12 21:38:41.814,0.89143,0.89187,3.00,1.00
2014.11.12 21:38:47.785,0.89143,0.89186,3.75,1.00
2014.11.12 21:38:49.843,0.89143,0.89187,3.00,1.00
2014.11.12 21:38:50.198,0.89143,0.89187,1.87,1.37
2014.11.12 21:38:50.299,0.89143,0.89187,3.00,1.12
2014.11.12 21:38:51.385,0.89147,0.89186,1.37,1.00
2014.11.12 21:38:54.354,0.89148,0.89187,1.37,1.12
2014.11.12 21:39:01.174,0.89143,0.89186,3.75,1.00
2014.11.12 21:39:04.144,0.89143,0.89187,3.75,1.12
2014.11.12 21:39:06.674,0.89143,0.89186,3.75,1.00
2014.11.12 21:39:12.204,0.89143,0.89182,3.75,1.00
2014.11.12 21:39:16.959,0.89143,0.89182,3.75,1.00
2014.11.12 21:39:18.553,0.89144,0.89181,2.25,1.00
2014.11.12 21:39:47.513,0.89145,0.89181,2.25,1.00
2014.11.12 21:39:47.954,0.89146,0.89184,2.25,1.00
2014.11.12 21:39:50.123,0.89147,0.89183,1.50,1.00
2014.11.12 21:39:50.674,0.89148,0.89183,1.50,1.00
2014.11.12 21:39:50.724,0.89148,0.89181,1.50,1.00
2014.11.12 21:40:00.684,0.89147,0.89182,2.25,1.00
2014.11.12 21:40:01.882,0.89146,0.89182,3.00,1.00
2014.11.12 21:40:01.932,0.89146,0.89197,3.00,2.25
2014.11.12 21:40:02.289,0.8915,0.89201,1.75,1.50
2014.11.12 21:40:06.115,0.89157,0.89201,1.50,1.00
2014.11.12 21:40:06.166,0.89157,0.89209,2.25,2.62
2014.11.12 21:40:06.217,0.89158,0.89209,2.25,2.25
2014.11.12 21:40:06.267,0.89165,0.89218,1.75,1.75
2014.11.12 21:40:06.419,0.89165,0.89218,1.50,1.75
2014.11.12 21:40:06.520,0.89163,0.89213,1.50,1.50
2014.11.12 21:40:06.621,0.89163,0.89213,1.00,1.37
2014.11.12 21:40:06.672,0.89165,0.89218,1.00,1.75
2014.11.12 21:40:06.722,0.89165,0.89218,1.00,1.00
2014.11.12 21:40:06.773,0.8917,0.89221,1.00,1.00
2014.11.12 21:40:06.974,0.89166,0.89218,1.00,1.00
2014.11.12 21:40:07.274,0.89163,0.89215,1.00,1.00
2014.11.12 21:40:07.864,0.89166,0.89215,1.50,1.00
2014.11.12 21:40:08.215,0.89166,0.89215,1.50,1.75
2014.11.12 21:40:11.954,0.89161,0.8921,1.87,1.12
2014.11.12 21:40:12.013,0.89161,0.8921,1.50,1.37
2014.11.12 21:40:12.317,0.89163,0.89207,1.50,1.50
2014.11.12 21:40:12.631,0.89159,0.89207,1.87,1.37
2014.11.12 21:40:14.627,0.89158,0.89207,1.87,1.50
2014.11.12 21:40:14.778,0.89156,0.89205,1.87,1.37
2014.11.12 21:40:15.254,0.89155,0.89205,1.50,1.37
2014.11.12 21:40:15.336,0.89155,0.89205,1.87,1.37
2014.11.12 21:40:15.639,0.89155,0.89205,1.87,1.12
2014.11.12 21:40:15.740,0.89155,0.89205,1.87,1.37
2014.11.12 21:40:15.842,0.89155,0.89205,1.87,1.37
2014.11.12 21:40:16.164,0.89155,0.89205,1.50,1.37
2014.11.12 21:40:16.464,0.89159,0.89205,1.50,1.00
2014.11.12 21:40:17.504,0.8916,0.89211,1.00,1.37
2014.11.12 21:40:17.658,0.8916,0.89211,2.25,1.00
2014.11.12 21:40:18.163,0.89161,0.89211,1.87,1.37
2014.11.12 21:40:18.263,0.89161,0.89211,1.50,1.12
2014.11.12 21:40:18.664,0.89161,0.89211,1.87,1.37
2014.11.12 21:40:19.574,0.89164,0.89213,1.37,1.37
2014.11.12 21:40:19.970,0.89165,0.89213,1.87,1.37
2014.11.12 21:40:24.186,0.89165,0.89212,1.87,1.12
2014.11.12 21:40:24.839,0.89167,0.89212,1.50,1.12
2014.11.12 21:40:24.890,0.89167,0.89212,1.87,1.00
2014.11.12 21:40:28.096,0.89167,0.89212,1.87,1.37
2014.11.12 21:40:31.724,0.89166,0.89207,1.87,1.00
2014.11.12 21:40:32.173,0.8917,0.89207,1.37,1.00
2014.11.12 21:40:34.794,0.89171,0.89213,1.12,1.12
2014.11.12 21:40:35.155,0.89171,0.89212,1.37,1.00
2014.11.12 21:40:35.256,0.89169,0.89219,1.87,1.37
2014.11.12 21:40:35.443,0.89169,0.89213,1.87,1.00
2014.11.12 21:40:36.522,0.89168,0.89213,1.37,1.00
2014.11.12 21:40:36.873,0.89168,0.89207,1.37,1.00
2014.11.12 21:40:37.634,0.89168,0.89207,1.00,1.00
2014.11.12 21:40:41.935,0.89166,0.89207,2.25,1.00
2014.11.12 21:40:42.035,0.89169,0.89207,1.00,1.00
2014.11.12 21:40:43.157,0.89169,0.89207,1.37,1.00
2014.11.12 21:40:43.761,0.89169,0.89207,1.12,1.00
2014.11.12 21:40:44.365,0.89169,0.89207,1.37,1.00
2014.11.12 21:40:45.302,0.89169,0.89207,1.00,1.00
2014.11.12 21:40:46.552,0.89169,0.89207,1.37,1.00
2014.11.12 21:40:47.255,0.89166,0.89207,2.62,1.00
2014.11.12 21:40:48.393,0.89166,0.89207,2.62,1.00
2014.11.12 21:40:48.754,0.89166,0.89212,2.62,1.00
2014.11.12 21:40:49.524,0.89166,0.89208,2.62,1.00
2014.11.12 21:40:50.513,0.89166,0.89207,2.62,1.00
2014.11.12 21:40:51.483,0.89166,0.89207,2.62,1.00
2014.11.12 21:40:51.585,0.89166,0.89207,2.62,1.00
2014.11.12 21:40:52.288,0.89166,0.89207,2.25,1.00
2014.11.12 21:40:52.389,0.89178,0.89219,1.00,1.50
2014.11.12 21:40:52.641,0.89186,0.89232,2.62,1.37
2014.11.12 21:40:52.742,0.89183,0.89232,1.37,1.75
2014.11.12 21:40:52.893,0.89179,0.89227,1.50,1.37
2014.11.12 21:40:52.943,0.89179,0.89222,1.50,1.37
2014.11.12 21:40:53.044,0.89179,0.89222,1.50,1.00
2014.11.12 21:40:53.288,0.89178,0.89217,2.25,1.00
2014.11.12 21:40:56.714,0.89179,0.89217,1.50,1.00
2014.11.12 21:40:57.773,0.89179,0.89218,1.50,1.00
2014.11.12 21:41:00.262,0.89178,0.89218,2.62,1.00
2014.11.12 21:41:00.933,0.89179,0.89218,1.00,1.00
2014.11.12 21:41:02.636,0.89179,0.89217,1.00,1.00
2014.11.12 21:41:03.485,0.89178,0.89217,2.62,1.00
2014.11.12 21:41:04.364,0.89179,0.89217,1.00,1.00
2014.11.12 21:41:05.204,0.89178,0.89217,1.00,1.00
2014.11.12 21:41:05.703,0.89178,0.89213,1.00,1.00
2014.11.12 21:41:05.826,0.89176,0.89213,1.00,1.00
2014.11.12 21:41:06.914,0.89174,0.89213,1.50,1.00
2014.11.12 21:41:07.313,0.89172,0.89213,2.25,1.00
2014.11.12 21:41:07.854,0.89172,0.89212,2.62,1.00
2014.11.12 21:41:11.717,0.89176,0.89212,1.50,1.00
2014.11.12 21:41:11.969,0.89178,0.89218,1.12,1.00
2014.11.12 21:41:12.403,0.89178,0.89213,1.00,1.00
2014.11.12 21:41:12.951,0.89178,0.89212,1.00,1.00
2014.11.12 21:41:13.193,0.89178,0.89218,2.25,1.00
2014.11.12 21:41:15.933,0.89178,0.89213,2.25,1.00
2014.11.12 21:41:16.473,0.89178,0.89217,2.25,1.00
2014.11.12 21:41:19.443,0.89178,0.89212,2.62,1.00
2014.11.12 21:41:22.144,0.89175,0.89212,3.00,1.00
2014.11.12 21:41:22.194,0.89181,0.89222,1.50,1.00
2014.11.12 21:41:22.454,0.89178,0.89228,1.00,1.50
2014.11.12 21:41:22.741,0.89178,0.89218,1.00,1.00
2014.11.12 21:41:23.202,0.89176,0.89213,1.87,1.00
2014.11.12 21:41:23.402,0.89176,0.89218,1.87,1.00
2014.11.12 21:41:25.194,0.89177,0.89218,1.00,1.00
2014.11.12 21:41:26.702,0.89177,0.89213,1.00,1.00
2014.11.12 21:41:27.032,0.8918,0.89222,3.00,1.00
2014.11.12 21:41:27.637,0.89181,0.89223,2.25,1.00
2014.11.12 21:41:28.173,0.89181,0.89223,2.25,1.00
2014.11.12 21:41:28.835,0.89181,0.89223,1.87,1.00
2014.11.12 21:41:30.542,0.89181,0.89222,1.50,1.00
2014.11.12 21:41:30.672,0.8918,0.89227,1.00,1.00
2014.11.12 21:41:30.723,0.89183,0.89227,1.00,1.00
2014.11.12 21:41:30.824,0.89179,0.89227,1.12,1.00
2014.11.12 21:41:30.881,0.89179,0.89223,1.12,1.00
2014.11.12 21:41:31.196,0.89177,0.89223,1.12,1.00
2014.11.12 21:41:34.810,0.89174,0.89223,1.00,1.00
2014.11.12 21:41:35.743,0.89174,0.89225,1.00,1.00
2014.11.12 21:41:36.392,0.89182,0.89225,1.00,1.00
2014.11.12 21:41:36.443,0.89182,0.89227,1.00,1.00
2014.11.12 21:41:37.123,0.89182,0.89227,1.00,1.37
2014.11.12 21:41:37.638,0.89182,0.89228,1.12,1.87
2014.11.12 21:41:38.373,0.89182,0.89228,1.00,1.50
2014.11.12 21:41:38.478,0.89182,0.89231,1.50,1.12
2014.11.12 21:41:39.177,0.89182,0.89231,1.87,1.37
2014.11.12 21:41:39.902,0.89183,0.89231,1.00,1.37
2014.11.12 21:41:43.618,0.89183,0.89231,2.25,1.12
2014.11.12 21:41:44.382,0.89184,0.89232,2.25,1.00
2014.11.12 21:41:44.433,0.89184,0.89232,2.62,1.00
2014.11.12 21:41:45.592,0.89187,0.89232,1.37,1.12
2014.11.12 21:41:46.522,0.89183,0.89232,3.37,1.00
2014.11.12 21:41:46.807,0.89183,0.89232,3.75,1.12
2014.11.12 21:41:53.782,0.89183,0.89232,3.37,1.00
2014.11.12 21:41:56.150,0.89184,0.89232,1.50,1.00
2014.11.12 21:41:56.201,0.89184,0.89227,1.50,1.00
2014.11.12 21:41:57.472,0.89183,0.89227,1.12,1.00
2014.11.12 21:41:59.768,0.89183,0.89227,3.00,1.00
2014.11.12 21:42:00.170,0.89183,0.89227,2.62,1.00
2014.11.12 21:42:00.271,0.89182,0.89227,1.12,1.37
2014.11.12 21:42:01.943,0.89181,0.89223,1.37,1.00
2014.11.12 21:42:03.662,0.8918,0.89222,1.37,1.00
2014.11.12 21:42:12.525,0.89179,0.89222,1.37,1.00
2014.11.12 21:42:15.735,0.89179,0.89222,1.00,1.00
2014.11.12 21:42:16.604,0.89177,0.89222,1.37,1.00
2014.11.12 21:42:17.061,0.8918,0.89222,1.00,1.37
2014.11.12 21:42:18.691,0.89179,0.89222,1.00,1.37
2014.11.12 21:42:20.283,0.89179,0.89222,1.00,2.25
2014.11.12 21:42:20.611,0.89182,0.89222,1.00,2.25
2014.11.12 21:42:20.762,0.89182,0.89222,1.00,1.37
2014.11.12 21:42:24.482,0.89182,0.89226,1.50,2.62
2014.11.12 21:42:25.569,0.89182,0.89226,1.50,3.00
2014.11.12 21:42:26.070,0.89182,0.89224,1.50,1.50
2014.11.12 21:42:26.881,0.89183,0.89224,1.00,1.50
2014.11.12 21:42:26.973,0.89183,0.89224,1.00,1.37
2014.11.12 21:42:29.432,0.89183,0.89224,1.00,2.62
2014.11.12 21:42:30.084,0.89183,0.89224,1.00,3.00
2014.11.12 21:42:31.171,0.89182,0.89224,1.00,3.00
2014.11.12 21:42:32.502,0.89181,0.89224,1.00,3.00
2014.11.12 21:42:37.702,0.89183,0.89222,1.00,1.87
2014.11.12 21:42:38.151,0.89183,0.89222,1.00,1.87
2014.11.12 21:42:38.453,0.89188,0.89224,1.00,1.37
2014.11.12 21:42:38.921,0.89188,0.89227,1.00,1.12
2014.11.12 21:42:39.022,0.89188,0.89233,1.00,1.37
2014.11.12 21:42:39.123,0.89188,0.89227,1.00,1.12
2014.11.12 21:42:39.710,0.89187,0.89232,1.00,1.37
2014.11.12 21:42:40.661,0.89187,0.89236,1.00,1.37
2014.11.12 21:42:40.762,0.89187,0.89238,1.50,1.37
2014.11.12 21:42:41.520,0.89188,0.89238,1.00,1.37
2014.11.12 21:42:42.744,0.89188,0.89236,1.00,1.00
2014.11.12 21:42:43.925,0.89188,0.89236,1.12,1.37
2014.11.12 21:42:44.488,0.89188,0.89236,1.00,1.37
2014.11.12 21:42:45.657,0.89192,0.89242,1.00,2.62
2014.11.12 21:42:45.757,0.89193,0.89243,1.00,1.00
2014.11.12 21:42:50.167,0.89193,0.89241,1.00,1.00
2014.11.12 21:42:51.407,0.89193,0.89237,1.00,1.00
2014.11.12 21:42:51.761,0.89193,0.89237,1.00,1.37
2014.11.12 21:42:51.862,0.89193,0.89237,1.37,1.00
2014.11.12 21:42:51.962,0.89193,0.8924,2.25,1.00
2014.11.12 21:42:52.013,0.89193,0.89243,3.00,1.00
2014.11.12 21:42:52.063,0.89193,0.89243,1.37,1.37
2014.11.12 21:42:52.201,0.89193,0.8924,1.00,1.12
2014.11.12 21:42:52.380,0.89193,0.8924,1.00,2.62
2014.11.12 21:42:52.861,0.89191,0.89235,1.00,1.50
2014.11.12 21:42:53.467,0.89191,0.89235,1.00,1.87
2014.11.12 21:42:54.171,0.89191,0.89235,1.00,1.87
2014.11.12 21:42:54.674,0.89192,0.89236,1.75,2.25
2014.11.12 21:42:54.725,0.89193,0.8924,1.75,1.37
2014.11.12 21:42:55.879,0.89197,0.8924,1.00,1.37
2014.11.12 21:42:55.930,0.89197,0.89237,1.00,2.25
2014.11.12 21:42:56.232,0.89197,0.89233,1.00,1.00
2014.11.12 21:42:56.901,0.89193,0.89233,1.00,1.50
2014.11.12 21:42:56.951,0.89188,0.89232,1.12,1.37
2014.11.12 21:42:57.390,0.89187,0.89231,1.00,2.25
2014.11.12 21:42:57.695,0.89188,0.89232,1.00,1.37
2014.11.12 21:42:58.450,0.89187,0.89232,1.00,1.37
2014.11.12 21:43:01.503,0.89187,0.89232,1.00,1.37
2014.11.12 21:43:03.316,0.89187,0.89232,1.00,2.62
2014.11.12 21:43:03.367,0.89196,0.89232,1.00,2.62
2014.11.12 21:43:03.417,0.89196,0.89235,1.00,1.12
2014.11.12 21:43:03.619,0.89196,0.89238,1.00,1.37
2014.11.12 21:43:03.952,0.89196,0.89234,1.00,1.00
2014.11.12 21:43:04.279,0.89196,0.89232,1.00,1.12
2014.11.12 21:43:04.571,0.89188,0.89232,1.00,1.37
2014.11.12 21:43:04.961,0.89187,0.89233,1.00,1.50
2014.11.12 21:43:05.481,0.89187,0.89232,1.00,1.00
2014.11.12 21:43:06.370,0.89183,0.89232,1.12,1.00
2014.11.12 21:43:08.850,0.89183,0.89232,1.37,1.00
2014.11.12 21:43:09.232,0.8919,0.89232,1.00,1.00
2014.11.12 21:43:10.191,0.8919,0.89231,1.00,1.00
2014.11.12 21:43:10.671,0.89191,0.89234,1.00,2.62
2014.11.12 21:43:12.160,0.89189,0.89234,1.00,1.00
2014.11.12 21:43:15.146,0.89191,0.89234,1.00,1.00
2014.11.12 21:43:16.400,0.89191,0.89234,1.00,1.37
2014.11.12 21:43:18.100,0.89192,0.89234,1.00,1.37
2014.11.12 21:43:22.331,0.89192,0.89229,1.00,1.00
2014.11.12 21:43:22.431,0.89192,0.89233,1.00,1.37
2014.11.12 21:43:24.681,0.89192,0.89233,1.00,1.00
2014.11.12 21:43:24.731,0.89188,0.89229,1.00,1.50
2014.11.12 21:43:24.882,0.89182,0.89229,1.00,1.87
2014.11.12 21:43:24.983,0.89182,0.89228,1.00,2.25
2014.11.12 21:43:25.171,0.89182,0.89226,1.00,1.12
2014.11.12 21:43:25.346,0.89182,0.89229,1.00,1.50
2014.11.12 21:43:25.447,0.89187,0.89229,1.00,1.50
2014.11.12 21:43:25.622,0.89183,0.89229,1.00,1.50
2014.11.12 21:43:25.910,0.89183,0.89231,1.00,1.87
2014.11.12 21:43:26.682,0.89183,0.8923,1.00,1.50
2014.11.12 21:43:27.480,0.89183,0.89232,1.00,2.62
2014.11.12 21:43:28.215,0.89182,0.89232,1.50,2.62
2014.11.12 21:43:28.820,0.89182,0.89232,1.50,2.62
2014.11.12 21:43:33.430,0.89187,0.89232,1.00,2.62
2014.11.12 21:43:33.651,0.89183,0.89232,1.00,2.62
2014.11.12 21:43:33.871,0.89188,0.89232,1.00,2.62
2014.11.12 21:43:38.160,0.89188,0.89232,1.00,2.62
2014.11.12 21:43:38.663,0.89188,0.89232,1.00,2.62
2014.11.12 21:43:39.150,0.89183,0.89232,1.00,2.62
2014.11.12 21:43:40.370,0.89187,0.89231,1.00,1.87
2014.11.12 21:43:45.640,0.89188,0.89232,1.00,1.37
2014.11.12 21:43:47.410,0.89187,0.89232,1.00,2.62
2014.11.12 21:43:49.316,0.89187,0.89232,1.00,1.00
2014.11.12 21:43:50.319,0.89187,0.89233,1.00,2.25
2014.11.12 21:43:51.123,0.89187,0.89232,1.00,1.50
2014.11.12 21:43:53.900,0.89188,0.89232,1.00,1.50
2014.11.12 21:43:54.945,0.89188,0.89233,1.00,1.00
2014.11.12 21:43:55.330,0.89192,0.89233,1.00,2.25
2014.11.12 21:43:59.723,0.89193,0.89233,1.00,1.00
2014.11.12 21:43:59.989,0.89192,0.89236,1.00,1.87
2014.11.12 21:44:00.539,0.89193,0.89237,1.00,2.62
2014.11.12 21:44:03.900,0.89193,0.89237,1.00,2.25
2014.11.12 21:44:04.101,0.89192,0.89241,1.00,1.50
2014.11.12 21:44:04.621,0.89193,0.89242,1.00,1.00
2014.11.12 21:44:04.722,0.89198,0.89245,1.37,1.50
2014.11.12 21:44:05.059,0.89193,0.89242,1.75,1.00
2014.11.12 21:44:05.160,0.89192,0.89248,1.37,1.00
2014.11.12 21:44:05.212,0.89192,0.89248,1.12,1.00
2014.11.12 21:44:05.329,0.89198,0.89248,1.00,1.00
2014.11.12 21:44:10.611,0.89193,0.89247,1.37,1.00
2014.11.12 21:44:15.107,0.89193,0.89247,1.00,1.00
2014.11.12 21:44:18.640,0.89192,0.89248,1.12,1.50
2014.11.12 21:44:18.859,0.8922,0.89248,1.00,1.50
2014.11.12 21:44:18.960,0.8922,0.89252,1.00,1.00
2014.11.12 21:44:19.300,0.8922,0.89258,1.00,1.12
2014.11.12 21:44:19.809,0.89219,0.89258,1.00,1.12
2014.11.12 21:44:20.380,0.89219,0.89258,1.00,1.37
2014.11.12 21:44:22.381,0.89219,0.89258,1.00,1.00
2014.11.12 21:44:23.044,0.8922,0.89258,1.00,1.00
2014.11.12 21:44:25.348,0.8921,0.89258,1.37,1.00
2014.11.12 21:44:25.398,0.8921,0.89258,1.00,1.37
2014.11.12 21:44:25.705,0.89208,0.89255,1.00,1.00
2014.11.12 21:44:25.770,0.89197,0.89255,1.30,1.00
2014.11.12 21:44:25.921,0.89198,0.89252,1.30,1.00
2014.11.12 21:44:26.048,0.89198,0.89252,1.00,1.00
2014.11.12 21:44:27.529,0.892,0.89252,2.10,1.00
2014.11.12 21:44:27.832,0.89226,0.8926,1.00,1.00
2014.11.12 21:44:27.932,0.89226,0.89262,1.00,1.00
2014.11.12 21:44:28.320,0.89216,0.89263,1.00,1.75
2014.11.12 21:44:28.421,0.89216,0.89263,1.00,1.00
2014.11.12 21:44:28.850,0.89207,0.89263,1.00,1.50
2014.11.12 21:44:28.901,0.89203,0.89252,1.00,1.00
2014.11.12 21:44:28.951,0.89198,0.89252,1.15,1.00
2014.11.12 21:44:29.052,0.89193,0.89251,1.00,1.00
2014.11.12 21:44:29.103,0.89197,0.89251,1.00,1.00
2014.11.12 21:44:29.690,0.89198,0.89251,1.00,1.00
2014.11.12 21:44:30.124,0.89198,0.89232,1.00,1.00
2014.11.12 21:44:30.529,0.89198,0.89229,1.00,1.00
2014.11.12 21:44:31.620,0.89197,0.89229,1.00,1.00
2014.11.12 21:44:32.390,0.89197,0.89233,1.00,1.00
2014.11.12 21:44:32.899,0.89198,0.89233,1.00,1.12
2014.11.12 21:44:33.501,0.89197,0.89233,1.00,1.00
2014.11.12 21:44:36.130,0.89192,0.89233,1.37,1.00
2014.11.12 21:44:36.282,0.89192,0.89246,1.37,1.75
2014.11.12 21:44:36.383,0.89197,0.89248,1.00,1.37
2014.11.12 21:44:36.434,0.89197,0.89248,1.37,1.37
2014.11.12 21:44:36.535,0.89197,0.89248,1.00,1.00
2014.11.12 21:44:36.636,0.89201,0.89248,1.37,1.00
2014.11.12 21:44:36.942,0.89207,0.89253,1.00,1.37
2014.11.12 21:44:37.378,0.89207,0.89253,1.37,1.00
2014.11.12 21:44:38.445,0.89207,0.89253,1.00,1.00
2014.11.12 21:44:38.696,0.89202,0.89253,1.00,1.12
2014.11.12 21:44:39.202,0.89202,0.89253,1.37,1.12
2014.11.12 21:44:40.641,0.89202,0.89252,1.37,1.00
2014.11.12 21:44:41.199,0.89202,0.89253,1.37,1.12
2014.11.12 21:44:46.199,0.89202,0.89253,1.12,1.00
2014.11.12 21:44:46.628,0.89198,0.89252,1.00,1.00
2014.11.12 21:44:47.572,0.89203,0.89257,1.00,1.87
2014.11.12 21:44:47.689,0.89203,0.89257,1.00,1.87
2014.11.12 21:44:47.900,0.89198,0.89252,1.00,1.00
2014.11.12 21:44:48.459,0.89197,0.89253,1.87,1.00
2014.11.12 21:44:48.510,0.89197,0.89253,1.87,1.00
2014.11.12 21:44:48.899,0.89197,0.89253,1.87,1.00
2014.11.12 21:44:49.194,0.89197,0.89253,1.87,1.00
2014.11.12 21:44:49.294,0.89197,0.89253,1.87,1.12
2014.11.12 21:44:49.695,0.89198,0.89252,1.00,1.37
2014.11.12 21:44:49.880,0.89197,0.89253,1.50,1.00
2014.11.12 21:44:49.931,0.89197,0.89253,1.87,1.37
2014.11.12 21:44:50.297,0.89197,0.89253,1.50,1.00
2014.11.12 21:44:50.398,0.89198,0.89252,1.00,1.50
2014.11.12 21:44:50.598,0.89198,0.89252,1.00,1.00
2014.11.12 21:44:51.133,0.89197,0.89253,1.87,1.00
2014.11.12 21:44:51.547,0.89198,0.89252,1.37,1.00
2014.11.12 21:44:51.919,0.89198,0.89252,1.00,1.00
2014.11.12 21:44:52.029,0.89198,0.89248,1.12,1.00
2014.11.12 21:44:52.340,0.89198,0.89242,1.00,1.00
2014.11.12 21:44:53.857,0.89198,0.89238,1.00,1.00
2014.11.12 21:44:54.368,0.89198,0.89238,1.00,1.37
2014.11.12 21:45:00.249,0.89192,0.89238,1.00,1.37
2014.11.12 21:45:01.724,0.89192,0.89238,1.00,1.37
2014.11.12 21:45:01.982,0.89188,0.89238,1.00,1.37
2014.11.12 21:45:02.033,0.89188,0.89238,1.00,1.12
2014.11.12 21:45:02.091,0.89193,0.89238,1.00,1.12
2014.11.12 21:45:02.608,0.89193,0.89238,1.00,1.37
2014.11.12 21:45:02.659,0.89188,0.89238,1.00,1.37
2014.11.12 21:45:03.470,0.89188,0.89238,1.00,1.00
2014.11.12 21:45:03.629,0.89189,0.89242,1.37,1.37
2014.11.12 21:45:03.949,0.89199,0.89246,1.00,1.75
2014.11.12 21:45:05.509,0.89198,0.89245,1.50,1.50
2014.11.12 21:45:06.450,0.89199,0.89245,1.00,1.50
2014.11.12 21:45:12.640,0.89198,0.89245,1.50,1.50
2014.11.12 21:45:13.655,0.89198,0.89245,1.00,1.75
2014.11.12 21:45:15.579,0.89199,0.89244,1.00,1.75
2014.11.12 21:45:16.563,0.89199,0.89244,1.00,1.37
2014.11.12 21:45:16.663,0.89199,0.89244,1.00,1.50
2014.11.12 21:45:18.330,0.89197,0.8924,1.50,1.37
2014.11.12 21:45:19.370,0.89197,0.8924,1.00,1.50
2014.11.12 21:45:21.775,0.89197,0.89241,1.00,1.87
2014.11.12 21:45:26.469,0.89196,0.89241,1.00,1.37
2014.11.12 21:45:27.385,0.89196,0.89241,1.12,1.37
2014.11.12 21:45:28.227,0.89197,0.89241,1.00,1.87
2014.11.12 21:45:29.099,0.89197,0.89237,1.00,1.00
2014.11.12 21:45:30.161,0.89197,0.89238,1.00,1.12
2014.11.12 21:45:31.681,0.89196,0.89242,1.00,1.87
2014.11.12 21:45:34.280,0.89196,0.89237,1.00,1.00
2014.11.12 21:45:39.450,0.89196,0.89236,1.00,1.00
2014.11.12 21:45:47.423,0.89196,0.89236,1.00,1.37
2014.11.12 21:45:48.069,0.89195,0.89236,1.00,1.37
2014.11.12 21:45:50.932,0.89195,0.89236,1.00,1.00
2014.11.12 21:45:59.022,0.89195,0.89236,1.00,1.37
2014.11.12 21:45:59.540,0.89195,0.89236,1.00,1.00
2014.11.12 21:46:00.060,0.89194,0.89237,1.00,1.00
2014.11.12 21:46:03.909,0.89201,0.89242,1.00,1.00
2014.11.12 21:46:04.211,0.89195,0.89236,1.00,1.00
2014.11.12 21:46:05.120,0.89197,0.89236,1.00,1.00
2014.11.12 21:46:05.339,0.89195,0.89236,1.00,1.00
2014.11.12 21:46:06.658,0.892,0.89243,1.00,1.00
2014.11.12 21:46:06.965,0.892,0.89243,1.00,1.37
2014.11.12 21:46:07.588,0.89201,0.89242,1.00,1.00
2014.11.12 21:46:09.033,0.89201,0.89242,1.00,1.37
2014.11.12 21:46:09.084,0.89197,0.89237,1.12,1.00
2014.11.12 21:46:09.336,0.89194,0.89237,1.12,1.00
2014.11.12 21:46:09.538,0.89194,0.89237,1.37,1.00
2014.11.12 21:46:10.608,0.89195,0.89236,1.37,1.00
2014.11.12 21:46:12.589,0.89195,0.89236,1.00,1.00
2014.11.12 21:46:16.889,0.89194,0.89237,1.00,1.00
2014.11.12 21:46:17.659,0.89195,0.89236,1.00,1.00
2014.11.12 21:46:18.227,0.89195,0.89237,1.50,1.00
2014.11.12 21:46:23.149,0.89195,0.89236,2.25,1.00
2014.11.12 21:46:23.379,0.89197,0.89236,1.00,1.00
2014.11.12 21:46:23.888,0.89197,0.89236,1.37,1.00
2014.11.12 21:46:25.428,0.89196,0.89237,1.87,1.00
2014.11.12 21:46:26.418,0.89196,0.89236,1.87,1.00
2014.11.12 21:46:31.478,0.89196,0.89237,1.87,1.00
2014.11.12 21:46:32.012,0.89197,0.89237,2.62,1.00
2014.11.12 21:46:32.619,0.89194,0.89237,1.37,1.00
2014.11.12 21:46:32.719,0.89197,0.89243,1.00,1.00
2014.11.12 21:46:32.839,0.89198,0.89247,1.00,1.87
2014.11.12 21:46:35.550,0.89198,0.89247,1.12,3.75
2014.11.12 21:46:38.078,0.89198,0.89232,1.12,1.00
2014.11.12 21:46:38.179,0.89194,0.89232,1.87,1.00
2014.11.12 21:46:39.265,0.89192,0.89232,1.37,1.00
2014.11.12 21:46:39.366,0.89197,0.89243,1.00,3.00
2014.11.12 21:46:39.517,0.89197,0.89243,1.00,1.00
2014.11.12 21:46:40.129,0.89198,0.89242,1.00,1.00
2014.11.12 21:46:40.897,0.89197,0.89242,3.00,1.00
2014.11.12 21:46:41.788,0.89197,0.89242,1.50,1.75
2014.11.12 21:46:41.939,0.89197,0.89242,1.00,1.37
2014.11.12 21:46:42.895,0.89197,0.89242,1.00,1.37
2014.11.12 21:46:43.491,0.89198,0.89242,1.00,1.37
2014.11.12 21:46:44.109,0.89198,0.89242,1.00,1.37
2014.11.12 21:46:45.338,0.89198,0.89237,1.00,1.00
2014.11.12 21:46:45.567,0.89194,0.89237,2.25,1.00
2014.11.12 21:46:47.537,0.89195,0.89236,1.00,1.00
2014.11.12 21:46:50.188,0.89198,0.89236,1.00,1.00
2014.11.12 21:46:50.747,0.89197,0.89236,1.00,1.00
2014.11.12 21:46:52.854,0.89193,0.89235,1.00,1.00
2014.11.12 21:46:53.157,0.89187,0.89235,1.00,1.37
2014.11.12 21:46:53.397,0.89193,0.89235,1.00,1.37
2014.11.12 21:46:53.710,0.89187,0.89225,1.00,1.00
2014.11.12 21:46:53.761,0.89187,0.89233,1.00,1.37
2014.11.12 21:46:54.368,0.89188,0.89233,1.00,1.37
2014.11.12 21:46:55.358,0.89185,0.89232,1.00,1.37
2014.11.12 21:46:56.378,0.89185,0.89232,1.00,1.00
2014.11.12 21:46:56.557,0.89183,0.89226,3.00,1.00
2014.11.12 21:46:58.341,0.8919,0.89231,1.00,1.00
2014.11.12 21:47:04.728,0.89189,0.89232,1.00,1.00
2014.11.12 21:47:05.077,0.89189,0.89232,1.00,1.37
2014.11.12 21:47:05.128,0.89189,0.89232,1.00,1.12
2014.11.12 21:47:05.587,0.89188,0.89225,1.00,1.00
2014.11.12 21:47:05.638,0.89184,0.89225,1.00,1.00
2014.11.12 21:47:06.681,0.89185,0.89225,1.87,1.00
2014.11.12 21:47:10.628,0.89191,0.89225,1.50,1.00
2014.11.12 21:47:10.679,0.89191,0.89232,1.50,1.50
2014.11.12 21:47:11.247,0.89192,0.89232,1.50,1.00
2014.11.12 21:47:14.047,0.89194,0.89237,1.00,1.87
2014.11.12 21:47:14.898,0.89194,0.89237,1.00,1.37
2014.11.12 21:47:16.247,0.89195,0.89236,1.00,1.12
2014.11.12 21:47:17.486,0.89195,0.89236,2.62,1.37
2014.11.12 21:47:19.808,0.89195,0.89236,1.00,1.00
2014.11.12 21:47:20.612,0.89195,0.89236,1.12,1.37
2014.11.12 21:47:21.287,0.89195,0.89236,1.12,1.12
2014.11.12 21:47:22.328,0.89195,0.89237,1.50,1.00
2014.11.12 21:47:22.912,0.89194,0.89237,2.25,1.00
2014.11.12 21:47:23.427,0.89195,0.89237,1.50,1.00
2014.11.12 21:47:24.257,0.89194,0.89237,2.25,1.00
2014.11.12 21:47:25.026,0.89195,0.89237,1.50,1.00
2014.11.12 21:47:25.577,0.89195,0.89236,1.00,1.00
2014.11.12 21:47:25.827,0.89198,0.89236,1.00,1.00
2014.11.12 21:47:27.147,0.89195,0.89236,2.25,1.00
2014.11.12 21:47:27.667,0.89195,0.89237,1.50,1.00
2014.11.12 21:47:30.424,0.89199,0.89237,1.87,1.00
2014.11.12 21:47:30.675,0.89202,0.89244,1.00,1.00
2014.11.12 21:47:30.927,0.89197,0.89244,1.00,1.00
2014.11.12 21:47:31.657,0.89198,0.89244,1.00,1.00
2014.11.12 21:47:32.647,0.89197,0.89244,1.00,1.00
2014.11.12 21:47:33.627,0.89197,0.89245,1.00,1.00
2014.11.12 21:47:35.066,0.89195,0.89242,1.50,1.00
2014.11.12 21:47:35.368,0.89194,0.89242,2.62,1.37
2014.11.12 21:47:35.627,0.89201,0.89246,1.00,1.50
2014.11.12 21:47:35.728,0.89202,0.89248,1.50,1.00
2014.11.12 21:47:36.274,0.89203,0.8925,1.00,1.37
2014.11.12 21:47:36.407,0.89202,0.89247,1.50,1.00
2014.11.12 21:47:36.658,0.89202,0.8925,1.50,1.00
2014.11.12 21:47:36.859,0.89201,0.89248,1.00,1.00
2014.11.12 21:47:37.377,0.89196,0.89244,1.87,1.00
2014.11.12 21:47:37.478,0.89193,0.89242,1.00,1.50
2014.11.12 21:47:37.631,0.89191,0.89238,1.87,1.00
2014.11.12 21:47:38.459,0.89187,0.89238,1.37,1.00
2014.11.12 21:47:39.540,0.89187,0.89238,1.00,2.25
2014.11.12 21:47:40.445,0.89188,0.89237,1.00,1.00
2014.11.12 21:47:42.318,0.89195,0.89237,1.00,1.00
2014.11.12 21:47:42.368,0.89195,0.89241,1.00,1.50
2014.11.12 21:47:42.419,0.89195,0.89243,1.00,1.12
2014.11.12 21:47:42.658,0.89198,0.89244,1.00,1.37
2014.11.12 21:47:43.166,0.89198,0.89244,1.00,1.00
2014.11.12 21:47:44.090,0.89195,0.89242,2.62,1.00
2014.11.12 21:47:46.186,0.89195,0.89244,1.50,1.00
2014.11.12 21:47:46.366,0.89193,0.89244,1.50,1.00
2014.11.12 21:47:46.626,0.89193,0.89227,1.50,1.00
2014.11.12 21:47:46.727,0.89183,0.89227,1.37,1.37
2014.11.12 21:47:47.307,0.89183,0.89227,1.00,1.37
2014.11.12 21:47:47.408,0.89185,0.89235,1.00,1.87
2014.11.12 21:47:47.616,0.89193,0.89236,1.00,2.25
2014.11.12 21:47:47.773,0.89193,0.89236,1.00,1.87
2014.11.12 21:47:48.575,0.89193,0.89237,1.00,1.87
2014.11.12 21:47:48.625,0.89195,0.89237,1.00,1.87
2014.11.12 21:47:48.776,0.89195,0.89242,1.00,2.62
2014.11.12 21:47:48.877,0.89195,0.89243,1.00,1.75
2014.11.12 21:47:49.179,0.89195,0.89242,1.00,3.00
2014.11.12 21:47:49.770,0.89195,0.89243,1.00,1.12
2014.11.12 21:47:49.821,0.89198,0.89244,1.00,1.37
2014.11.12 21:47:50.136,0.89197,0.89242,1.00,1.87
2014.11.12 21:47:50.676,0.89197,0.89237,1.00,1.87
2014.11.12 21:47:52.557,0.89198,0.89237,1.00,1.87
2014.11.12 21:47:54.316,0.89193,0.89237,1.00,1.87
2014.11.12 21:47:54.436,0.89193,0.89227,1.00,1.00
2014.11.12 21:47:54.866,0.89188,0.89227,1.00,1.12
2014.11.12 21:47:55.392,0.89187,0.89227,1.00,1.37
2014.11.12 21:47:55.636,0.89193,0.89227,1.00,1.37
2014.11.12 21:47:56.795,0.89193,0.89233,1.00,1.37
2014.11.12 21:47:56.847,0.89188,0.89233,1.00,1.37
2014.11.12 21:47:57.077,0.89193,0.89232,1.00,1.87
2014.11.12 21:47:57.507,0.89188,0.89233,1.00,1.00
2014.11.12 21:47:58.234,0.89187,0.89233,1.00,1.00
2014.11.12 21:47:59.256,0.89188,0.89234,1.00,2.62
2014.11.12 21:47:59.606,0.89188,0.89234,1.00,3.00
2014.11.12 21:48:01.126,0.89188,0.89228,1.00,1.00
2014.11.12 21:48:02.336,0.89188,0.89228,1.00,1.37
2014.11.12 21:48:10.587,0.89188,0.89233,1.00,2.62
2014.11.12 21:48:10.638,0.89184,0.89233,1.00,2.62
2014.11.12 21:48:10.839,0.89188,0.89233,1.00,2.62
2014.11.12 21:48:11.157,0.89187,0.89233,1.00,1.00
2014.11.12 21:48:11.366,0.89192,0.89233,1.00,1.00
2014.11.12 21:48:11.906,0.89192,0.89238,1.00,1.50
2014.11.12 21:48:12.670,0.89192,0.89238,1.00,1.87
2014.11.12 21:48:13.906,0.89188,0.89228,1.00,1.00
2014.11.12 21:48:14.336,0.89183,0.89228,1.00,1.37
2014.11.12 21:48:14.431,0.89183,0.89228,1.00,1.00
2014.11.12 21:48:14.582,0.89188,0.89228,1.00,1.00
2014.11.12 21:48:16.876,0.89188,0.89227,1.00,1.00
2014.11.12 21:48:17.887,0.89186,0.89236,1.00,1.87
2014.11.12 21:48:17.988,0.89186,0.89237,1.00,1.00
2014.11.12 21:48:18.077,0.89188,0.89237,1.00,1.00
2014.11.12 21:48:25.326,0.89188,0.89228,1.00,1.00
2014.11.12 21:48:25.377,0.89184,0.89228,1.87,1.00
2014.11.12 21:48:30.717,0.89182,0.89228,1.00,1.00
2014.11.12 21:48:31.607,0.89183,0.89228,1.00,1.00
2014.11.12 21:48:33.806,0.89178,0.89227,2.62,1.00
2014.11.12 21:48:34.976,0.89179,0.89227,2.25,1.12
2014.11.12 21:48:35.186,0.89179,0.89227,1.50,1.37
2014.11.12 21:48:35.287,0.89179,0.89227,1.87,1.37
2014.11.12 21:48:35.398,0.89179,0.89228,1.87,1.87
2014.11.12 21:48:35.929,0.89178,0.89227,3.75,1.37
2014.11.12 21:48:36.279,0.89182,0.89228,1.00,1.12
2014.11.12 21:48:36.330,0.89182,0.89217,1.00,1.00
2014.11.12 21:48:36.380,0.89178,0.89217,1.50,1.37
2014.11.12 21:48:36.481,0.89167,0.89217,1.75,1.37
2014.11.12 21:48:36.684,0.89168,0.89217,1.37,1.37
2014.11.12 21:48:36.876,0.89168,0.8921,1.37,1.00
2014.11.12 21:48:37.128,0.89163,0.8921,1.00,1.00
2014.11.12 21:48:37.329,0.89173,0.89216,1.00,1.50
2014.11.12 21:48:37.433,0.89173,0.89222,1.00,1.00
2014.11.12 21:48:37.586,0.89168,0.8921,1.00,1.00
2014.11.12 21:48:38.097,0.89163,0.8921,2.62,1.00
2014.11.12 21:48:39.186,0.89162,0.89212,2.62,1.00
2014.11.12 21:48:40.726,0.89163,0.89212,1.50,1.00
2014.11.12 21:48:41.258,0.89162,0.89212,1.00,2.25
2014.11.12 21:48:41.308,0.89163,0.89212,1.00,2.62
2014.11.12 21:48:41.619,0.89168,0.89211,1.00,1.50
2014.11.12 21:48:41.936,0.89168,0.89209,1.00,1.50
2014.11.12 21:48:42.723,0.89168,0.8921,1.00,1.50
2014.11.12 21:48:43.806,0.89168,0.89209,1.00,1.50
2014.11.12 21:48:46.445,0.89168,0.8921,1.00,1.50
2014.11.12 21:48:47.066,0.89168,0.89215,1.00,1.87
2014.11.12 21:48:48.646,0.89168,0.89212,1.00,1.50
2014.11.12 21:48:49.459,0.89168,0.89211,1.00,1.50
2014.11.12 21:48:50.455,0.89167,0.89212,1.00,1.50
2014.11.12 21:48:50.626,0.89167,0.89216,1.00,1.87
2014.11.12 21:48:51.066,0.89168,0.89217,1.00,1.87
2014.11.12 21:48:51.116,0.89173,0.89217,1.00,1.87
2014.11.12 21:48:51.876,0.89167,0.89217,1.00,1.87
2014.11.12 21:48:51.977,0.89167,0.8922,1.00,1.87
2014.11.12 21:48:52.078,0.89173,0.8922,1.00,1.87
2014.11.12 21:48:52.516,0.89173,0.89221,1.00,2.25
2014.11.12 21:48:52.617,0.89173,0.89224,1.00,1.50
2014.11.12 21:48:52.936,0.89173,0.89226,1.00,1.50
2014.11.12 21:48:54.599,0.89168,0.89222,1.00,1.00
2014.11.12 21:48:55.122,0.89168,0.89221,1.00,1.00
2014.11.12 21:48:55.172,0.89168,0.89219,2.25,1.50
2014.11.12 21:48:55.373,0.89162,0.89221,1.37,2.25
2014.11.12 21:48:55.424,0.89162,0.89221,1.00,3.37
2014.11.12 21:48:55.726,0.89167,0.89214,1.00,1.50
2014.11.12 21:48:55.940,0.89163,0.89215,1.00,1.50
2014.11.12 21:48:56.396,0.89163,0.89213,1.50,1.00
2014.11.12 21:48:56.455,0.8916,0.89212,1.50,1.50
2014.11.12 21:48:57.665,0.8916,0.89213,1.50,1.00
2014.11.12 21:48:57.785,0.89162,0.89214,1.00,1.50
2014.11.12 21:48:59.758,0.89162,0.89212,1.00,1.50
2014.11.12 21:48:59.868,0.89162,0.89214,2.25,1.50
2014.11.12 21:49:00.305,0.89163,0.8921,1.00,1.00
2014.11.12 21:49:01.187,0.89166,0.89217,1.50,1.00
2014.11.12 21:49:02.945,0.89164,0.89216,1.50,1.50
2014.11.12 21:49:03.605,0.89166,0.89217,1.50,1.00
2014.11.12 21:49:07.725,0.89165,0.89216,1.50,1.50
2014.11.12 21:49:09.806,0.89166,0.89218,1.50,2.25
2014.11.12 21:49:10.316,0.89167,0.89218,1.50,1.00
2014.11.12 21:49:12.185,0.89165,0.89218,1.50,1.00
2014.11.12 21:49:14.320,0.89168,0.89218,1.50,1.00
2014.11.12 21:49:18.395,0.89166,0.89218,1.50,2.25
2014.11.12 21:49:19.015,0.89167,0.89217,1.50,1.00
2014.11.12 21:49:20.115,0.89165,0.89217,1.50,1.00
2014.11.12 21:49:21.875,0.89167,0.89217,1.50,1.00
2014.11.12 21:49:22.434,0.89166,0.89217,1.50,1.00
2014.11.12 21:49:22.740,0.89166,0.8921,1.50,1.00
2014.11.12 21:49:24.285,0.89166,0.89213,1.50,1.00
2014.11.12 21:49:24.385,0.89167,0.89218,1.50,1.00
2014.11.12 21:49:24.680,0.89169,0.89218,1.50,1.00
2014.11.12 21:49:33.115,0.89169,0.89217,1.50,1.00
2014.11.12 21:49:33.418,0.89172,0.8922,1.50,1.00
2014.11.12 21:49:34.015,0.89173,0.8922,1.50,1.00
2014.11.12 21:49:34.358,0.89176,0.8922,1.50,1.00
2014.11.12 21:49:34.695,0.89168,0.8922,1.00,1.00
2014.11.12 21:49:35.060,0.89173,0.8922,1.50,1.00
2014.11.12 21:49:36.955,0.89173,0.8922,1.87,1.00
2014.11.12 21:49:37.412,0.89177,0.89221,1.50,1.00
2014.11.12 21:49:37.696,0.89174,0.89221,1.50,1.00
2014.11.12 21:49:38.215,0.89173,0.89221,1.00,1.00
2014.11.12 21:49:39.434,0.89173,0.89227,1.00,1.00
2014.11.12 21:49:39.546,0.89173,0.89199,1.00,1.00
2014.11.12 21:49:39.647,0.89169,0.89199,1.87,1.00
2014.11.12 21:49:40.572,0.89168,0.89213,1.87,1.00
2014.11.12 21:49:40.673,0.89171,0.8922,1.50,1.00
2014.11.12 21:49:40.774,0.89175,0.8922,1.50,1.00
2014.11.12 21:49:40.875,0.89169,0.8922,1.87,1.00
2014.11.12 21:49:41.161,0.89173,0.8922,1.00,1.00
2014.11.12 21:49:42.075,0.89173,0.89227,1.00,1.00
2014.11.12 21:49:49.614,0.89168,0.89222,1.00,1.00
2014.11.12 21:49:50.054,0.89173,0.89227,1.00,1.00
2014.11.12 21:49:51.816,0.89172,0.89228,1.00,1.00
2014.11.12 21:49:52.678,0.89173,0.89227,1.00,1.00
2014.11.12 21:50:05.125,0.89172,0.89231,1.00,1.87
2014.11.12 21:50:05.505,0.89178,0.89227,1.00,1.50
2014.11.12 21:50:06.335,0.89177,0.89227,1.00,1.50
