2012.09.18 12:00:00.020,0.80573,0.80608,1.73,1.13
2012.09.18 12:00:00.173,0.80573,0.80607,1.73,1.13
2012.09.18 12:00:00.401,0.80573,0.8061,1.50,2.33
2012.09.18 12:00:00.702,0.80576,0.80612,1.35,1.35
2012.09.18 12:00:01.225,0.80582,0.80617,1.13,1.73
2012.09.18 12:00:01.481,0.80582,0.80614,1.13,1.35
2012.09.18 12:00:01.862,0.80577,0.80613,1.35,1.50
2012.09.18 12:00:02.399,0.80583,0.80613,1.22,1.79
2012.09.18 12:00:02.721,0.80581,0.80609,1.45,1.41
2012.09.18 12:00:02.822,0.80579,0.80609,1.45,1.41
2012.09.18 12:00:03.142,0.80581,0.80614,1.45,2.01
2012.09.18 12:00:03.914,0.80582,0.80614,1.45,2.01
2012.09.18 12:00:08.930,0.80578,0.80609,1.35,1.04
2012.09.18 12:00:09.642,0.80576,0.80608,1.45,1.04
2012.09.18 12:00:29.170,0.80576,0.80611,1.82,1.49
2012.09.18 12:00:29.301,0.8058,0.80613,1.22,1.64
2012.09.18 12:00:30.499,0.8058,0.80613,1.45,1.41
2012.09.18 12:00:36.071,0.80581,0.80613,1.35,1.41
2012.09.18 12:00:39.354,0.80579,0.80609,1.45,1.04
2012.09.18 12:00:40.046,0.80578,0.80609,1.13,1.04
2012.09.18 12:00:40.703,0.80578,0.80609,1.13,1.04
2012.09.18 12:00:45.092,0.8058,0.80609,1.13,1.04
2012.09.18 12:00:45.160,0.8058,0.80614,1.13,1.26
2012.09.18 12:00:45.350,0.80587,0.80618,1.35,1.04
2012.09.18 12:00:45.420,0.80586,0.80611,1.07,1.04
2012.09.18 12:00:45.550,0.80584,0.80609,1.50,1.26
2012.09.18 12:00:45.611,0.80581,0.80609,1.22,1.26
2012.09.18 12:00:45.680,0.80581,0.80616,1.22,1.26
2012.09.18 12:00:45.810,0.8059,0.80623,1.35,1.86
2012.09.18 12:00:45.869,0.8059,0.80623,1.82,1.86
2012.09.18 12:00:45.931,0.8059,0.80619,1.82,1.04
2012.09.18 12:00:46.082,0.8059,0.80619,1.35,1.04
2012.09.18 12:00:46.433,0.80588,0.80613,1.22,1.04
2012.09.18 12:00:46.984,0.80587,0.80613,1.13,1.04
2012.09.18 12:00:49.861,0.80586,0.80613,1.13,1.04
2012.09.18 12:00:49.947,0.80586,0.80613,1.13,1.04
2012.09.18 12:00:50.942,0.80587,0.80613,1.50,1.04
2012.09.18 12:00:51.824,0.80587,0.80613,1.50,1.04
2012.09.18 12:00:55.563,0.80587,0.80613,1.13,1.04
2012.09.18 12:00:56.092,0.80587,0.80613,1.13,1.04
2012.09.18 12:00:56.159,0.80588,0.80619,1.13,1.26
2012.09.18 12:00:57.531,0.80591,0.80619,1.13,1.26
2012.09.18 12:00:58.531,0.8059,0.80619,1.13,1.26
2012.09.18 12:00:58.850,0.80591,0.80619,1.60,1.26
2012.09.18 12:00:59.401,0.80591,0.80619,1.13,1.26
2012.09.18 12:01:00.454,0.80591,0.80619,1.13,1.26
2012.09.18 12:01:01.914,0.8059,0.80619,1.13,1.26
2012.09.18 12:01:01.991,0.8059,0.80619,1.13,1.26
2012.09.18 12:01:02.204,0.8059,0.80619,1.13,1.26
2012.09.18 12:01:05.969,0.80589,0.80619,1.13,1.26
2012.09.18 12:01:06.174,0.80591,0.80619,1.22,1.26
2012.09.18 12:01:06.712,0.80591,0.80619,1.97,1.26
2012.09.18 12:01:08.043,0.80591,0.80619,1.50,1.26
2012.09.18 12:01:08.583,0.80591,0.80619,1.50,1.26
2012.09.18 12:01:08.823,0.80591,0.80619,1.13,1.26
2012.09.18 12:01:08.961,0.806,0.80633,1.13,1.64
2012.09.18 12:01:09.031,0.806,0.80633,1.13,1.64
2012.09.18 12:01:09.163,0.806,0.80633,1.13,1.64
2012.09.18 12:01:09.743,0.806,0.80633,1.13,1.64
2012.09.18 12:01:12.691,0.80599,0.80625,1.22,1.26
2012.09.18 12:01:12.875,0.80595,0.80623,1.13,1.26
2012.09.18 12:01:14.108,0.80592,0.80618,2.25,1.04
2012.09.18 12:01:14.212,0.80596,0.80624,1.13,1.26
2012.09.18 12:01:14.341,0.80602,0.80633,1.22,1.26
2012.09.18 12:01:14.901,0.80603,0.80634,1.13,1.26
2012.09.18 12:01:15.801,0.80603,0.80634,1.13,1.26
2012.09.18 12:01:26.074,0.80601,0.80633,1.22,1.26
2012.09.18 12:01:30.582,0.80603,0.80632,1.22,1.26
2012.09.18 12:01:32.452,0.80602,0.80632,1.22,1.26
2012.09.18 12:01:42.921,0.80606,0.80634,1.22,1.26
2012.09.18 12:01:42.991,0.80606,0.80637,1.22,1.26
2012.09.18 12:01:43.357,0.806,0.80628,1.35,1.41
2012.09.18 12:01:43.422,0.806,0.80628,1.35,1.41
2012.09.18 12:01:43.492,0.806,0.80628,1.13,1.64
2012.09.18 12:01:43.680,0.806,0.80628,1.13,1.64
2012.09.18 12:01:44.083,0.80599,0.80628,1.22,1.04
2012.09.18 12:01:44.153,0.80599,0.80628,1.22,1.04
2012.09.18 12:01:44.502,0.80599,0.80631,1.22,1.49
2012.09.18 12:01:44.570,0.80602,0.80631,1.22,1.49
2012.09.18 12:01:45.610,0.80602,0.80636,1.82,1.04
2012.09.18 12:01:46.343,0.8061,0.80637,1.22,1.50
2012.09.18 12:01:46.421,0.8061,0.80639,1.22,1.26
2012.09.18 12:01:50.545,0.80609,0.80639,1.22,1.26
2012.09.18 12:01:53.130,0.80609,0.8064,1.22,1.26
2012.09.18 12:01:53.952,0.8061,0.80642,1.45,1.04
2012.09.18 12:01:54.522,0.8061,0.80639,1.22,1.26
2012.09.18 12:01:56.594,0.80609,0.8064,1.22,1.26
2012.09.18 12:01:57.814,0.80612,0.80643,1.22,1.64
2012.09.18 12:02:00.457,0.80614,0.80643,1.22,1.64
2012.09.18 12:02:02.874,0.80613,0.80643,1.22,1.26
2012.09.18 12:02:07.570,0.80613,0.80643,1.22,1.64
2012.09.18 12:02:08.183,0.80609,0.80643,1.60,1.64
2012.09.18 12:02:18.854,0.8061,0.80642,1.22,1.26
2012.09.18 12:02:19.582,0.8061,0.80642,1.22,1.26
2012.09.18 12:02:19.874,0.8061,0.80639,1.22,1.64
2012.09.18 12:02:19.990,0.80609,0.80639,1.22,1.64
2012.09.18 12:02:20.394,0.80607,0.80639,1.22,1.64
2012.09.18 12:02:20.942,0.80607,0.80639,1.22,1.64
2012.09.18 12:02:22.120,0.80608,0.80639,1.22,1.64
2012.09.18 12:02:24.094,0.80607,0.80638,1.22,1.26
2012.09.18 12:02:25.361,0.80607,0.80638,1.22,1.26
2012.09.18 12:02:25.431,0.80607,0.80638,1.22,1.26
2012.09.18 12:02:25.560,0.80609,0.80638,1.45,1.04
2012.09.18 12:02:25.690,0.80604,0.80636,1.82,1.04
2012.09.18 12:02:25.761,0.80604,0.80633,1.35,1.04
2012.09.18 12:02:25.830,0.80604,0.80633,1.13,1.26
2012.09.18 12:02:27.114,0.80603,0.80633,1.13,1.26
2012.09.18 12:02:29.700,0.80602,0.80632,1.22,1.26
2012.09.18 12:02:31.460,0.80601,0.80633,1.22,2.01
2012.09.18 12:02:31.855,0.80601,0.80633,1.22,2.01
2012.09.18 12:02:33.164,0.80601,0.80633,1.22,2.01
2012.09.18 12:02:35.045,0.80601,0.80633,1.22,2.01
2012.09.18 12:02:36.673,0.80601,0.80633,1.22,1.26
2012.09.18 12:02:36.740,0.80602,0.80633,1.22,1.26
2012.09.18 12:02:37.140,0.80601,0.80631,1.45,1.41
2012.09.18 12:02:37.211,0.80598,0.80629,1.22,1.26
2012.09.18 12:02:37.380,0.80598,0.80629,1.45,1.04
2012.09.18 12:02:40.103,0.80601,0.80634,1.22,2.01
2012.09.18 12:02:40.623,0.806,0.80631,1.22,1.26
2012.09.18 12:02:47.891,0.80597,0.80627,1.82,1.04
2012.09.18 12:02:47.960,0.80597,0.80627,1.60,1.26
2012.09.18 12:02:48.030,0.80597,0.80623,1.13,1.26
2012.09.18 12:02:49.874,0.80593,0.80625,1.22,2.24
2012.09.18 12:02:50.021,0.80597,0.80625,1.22,1.64
2012.09.18 12:02:50.479,0.80597,0.80626,1.22,1.26
2012.09.18 12:02:51.231,0.80592,0.80619,1.82,1.04
2012.09.18 12:02:51.364,0.80593,0.80624,1.22,1.64
2012.09.18 12:02:53.230,0.80594,0.80624,1.60,1.04
2012.09.18 12:03:00.455,0.80593,0.80624,1.22,1.04
2012.09.18 12:03:03.311,0.80594,0.80624,1.22,1.04
2012.09.18 12:03:08.311,0.80596,0.80624,1.13,1.26
2012.09.18 12:03:08.501,0.80591,0.80622,1.45,1.13
2012.09.18 12:03:08.586,0.8059,0.80619,1.82,1.04
2012.09.18 12:03:09.323,0.8059,0.80619,1.60,1.26
2012.09.18 12:03:09.452,0.8059,0.80621,1.22,1.26
2012.09.18 12:03:09.790,0.80593,0.80627,1.22,1.26
2012.09.18 12:03:10.841,0.80595,0.80628,1.22,1.64
2012.09.18 12:03:11.224,0.80595,0.80628,1.22,1.64
2012.09.18 12:03:11.963,0.80596,0.80628,1.22,1.64
2012.09.18 12:03:13.925,0.80596,0.8063,1.60,1.26
2012.09.18 12:03:14.083,0.80599,0.8063,1.22,1.26
2012.09.18 12:03:14.150,0.80599,0.80629,1.45,1.41
2012.09.18 12:03:14.210,0.80596,0.80629,1.35,1.41
2012.09.18 12:03:14.733,0.80596,0.80629,1.13,1.64
2012.09.18 12:03:16.624,0.80594,0.80626,1.45,1.04
2012.09.18 12:03:16.690,0.80594,0.80624,1.45,1.41
2012.09.18 12:03:17.160,0.80593,0.80624,1.22,1.26
2012.09.18 12:03:17.290,0.80597,0.80627,1.22,1.26
2012.09.18 12:03:25.291,0.80599,0.80628,1.22,1.64
2012.09.18 12:03:29.942,0.80593,0.80621,1.45,1.04
2012.09.18 12:03:30.191,0.80591,0.80619,1.22,1.04
2012.09.18 12:03:31.052,0.80591,0.80619,1.22,1.41
2012.09.18 12:03:33.810,0.8059,0.80619,1.22,1.41
2012.09.18 12:03:37.331,0.80591,0.80621,1.45,1.04
2012.09.18 12:03:37.405,0.80592,0.80625,1.45,1.26
2012.09.18 12:03:37.530,0.80596,0.80625,1.82,1.26
2012.09.18 12:03:37.590,0.80596,0.80628,2.42,1.04
2012.09.18 12:03:41.590,0.80601,0.80629,1.22,1.64
2012.09.18 12:03:41.689,0.80601,0.8063,1.22,1.26
2012.09.18 12:03:42.087,0.80596,0.8063,2.42,1.04
2012.09.18 12:03:45.200,0.80598,0.80628,1.45,1.79
2012.09.18 12:03:45.328,0.80595,0.80628,1.22,2.39
2012.09.18 12:03:45.628,0.80592,0.80621,1.82,1.41
2012.09.18 12:03:45.751,0.80592,0.80618,1.35,1.04
2012.09.18 12:03:46.057,0.80588,0.80621,1.45,1.64
2012.09.18 12:03:47.071,0.80587,0.80621,1.45,1.64
2012.09.18 12:03:48.209,0.80592,0.80622,1.22,1.26
2012.09.18 12:03:48.338,0.80594,0.80627,1.22,1.26
2012.09.18 12:03:48.602,0.80594,0.80627,1.22,1.26
2012.09.18 12:03:48.718,0.80597,0.80627,1.22,1.26
2012.09.18 12:03:56.849,0.80597,0.80628,1.45,2.16
2012.09.18 12:03:57.257,0.80596,0.80628,1.13,2.39
2012.09.18 12:04:03.958,0.80598,0.80628,1.22,2.01
2012.09.18 12:04:05.243,0.806,0.80628,1.22,1.41
2012.09.18 12:04:05.930,0.80601,0.80629,1.45,1.04
2012.09.18 12:04:07.332,0.80598,0.8063,1.82,1.04
2012.09.18 12:04:07.398,0.80598,0.80628,1.82,1.04
2012.09.18 12:04:10.632,0.806,0.80628,1.22,1.04
2012.09.18 12:04:10.698,0.806,0.8063,1.22,1.26
2012.09.18 12:04:15.432,0.806,0.80629,1.45,1.04
2012.09.18 12:04:15.648,0.80599,0.80629,1.35,1.04
2012.09.18 12:04:16.158,0.80598,0.80629,1.22,1.41
2012.09.18 12:04:18.288,0.80597,0.80625,1.45,1.04
2012.09.18 12:04:18.838,0.80599,0.80629,1.22,1.41
2012.09.18 12:04:18.909,0.806,0.80629,1.22,1.41
2012.09.18 12:04:18.978,0.806,0.8063,1.22,1.26
2012.09.18 12:04:19.161,0.80601,0.80629,1.45,1.41
2012.09.18 12:04:19.358,0.80599,0.80627,1.22,1.04
2012.09.18 12:04:20.099,0.80596,0.80627,1.45,1.04
2012.09.18 12:04:20.168,0.80596,0.80624,1.45,1.04
2012.09.18 12:04:20.238,0.80594,0.80624,1.45,1.04
2012.09.18 12:04:20.298,0.80594,0.80624,1.22,1.26
2012.09.18 12:04:20.550,0.80593,0.80624,1.35,1.26
2012.09.18 12:04:20.679,0.80589,0.80619,1.45,1.04
2012.09.18 12:04:20.841,0.80589,0.80619,1.22,1.26
2012.09.18 12:04:21.642,0.80589,0.80618,1.22,1.04
2012.09.18 12:04:22.158,0.80588,0.80617,1.07,1.04
2012.09.18 12:04:22.648,0.80587,0.80613,1.22,1.04
2012.09.18 12:04:23.661,0.80587,0.80618,1.22,1.64
2012.09.18 12:04:23.848,0.80587,0.80614,1.22,1.04
2012.09.18 12:04:24.200,0.80585,0.80617,1.22,1.26
2012.09.18 12:04:24.558,0.80589,0.80619,1.22,2.01
2012.09.18 12:04:25.110,0.80591,0.80619,1.22,2.01
2012.09.18 12:04:28.458,0.80591,0.80619,1.22,1.64
2012.09.18 12:04:29.743,0.80591,0.80619,1.22,1.64
2012.09.18 12:04:31.195,0.80591,0.80619,1.22,1.64
2012.09.18 12:04:31.760,0.80589,0.80618,1.22,1.26
2012.09.18 12:04:32.128,0.8059,0.80618,1.22,1.26
2012.09.18 12:04:33.323,0.80591,0.80619,1.22,2.01
2012.09.18 12:04:33.449,0.80592,0.80623,1.22,1.64
2012.09.18 12:04:33.643,0.80593,0.80623,1.22,1.64
2012.09.18 12:04:33.918,0.80595,0.80623,1.22,1.64
2012.09.18 12:04:34.397,0.80593,0.80623,1.22,1.26
2012.09.18 12:04:34.469,0.80593,0.80623,1.22,1.26
2012.09.18 12:04:39.609,0.80591,0.80619,1.45,1.41
2012.09.18 12:04:39.798,0.8059,0.80619,1.22,2.01
2012.09.18 12:04:55.411,0.80591,0.80619,1.22,1.35
2012.09.18 12:05:00.541,0.80591,0.80619,1.22,1.73
2012.09.18 12:05:09.670,0.80591,0.8062,1.22,1.35
2012.09.18 12:05:09.999,0.80596,0.80623,1.22,1.35
2012.09.18 12:05:10.068,0.80596,0.80623,1.22,1.13
2012.09.18 12:05:10.138,0.80596,0.80624,1.22,1.64
2012.09.18 12:05:10.377,0.80597,0.80627,1.22,1.26
2012.09.18 12:05:10.627,0.80605,0.8063,1.22,1.04
2012.09.18 12:05:11.704,0.80598,0.80628,1.30,1.13
2012.09.18 12:05:11.769,0.80598,0.80625,1.30,1.04
2012.09.18 12:05:11.839,0.80598,0.80625,1.07,1.26
2012.09.18 12:05:12.671,0.80596,0.80623,1.22,1.04
2012.09.18 12:05:14.370,0.8059,0.80623,1.07,1.41
2012.09.18 12:05:14.439,0.8059,0.80618,1.07,1.04
2012.09.18 12:05:14.827,0.80592,0.80618,1.22,1.26
2012.09.18 12:05:16.308,0.80592,0.80618,1.22,1.35
2012.09.18 12:05:16.643,0.80595,0.80623,1.22,1.64
2012.09.18 12:05:17.008,0.80596,0.80624,1.22,1.26
2012.09.18 12:05:17.132,0.80597,0.80627,1.22,1.49
2012.09.18 12:05:17.257,0.80601,0.80627,1.22,1.26
2012.09.18 12:05:21.399,0.80596,0.80626,1.45,1.04
2012.09.18 12:05:21.467,0.80596,0.80624,1.45,1.04
2012.09.18 12:05:21.949,0.80597,0.80624,1.22,1.50
2012.09.18 12:05:22.111,0.80595,0.80623,1.22,1.04
2012.09.18 12:05:22.862,0.80595,0.80623,1.22,1.41
2012.09.18 12:05:24.009,0.80596,0.80623,1.22,1.79
2012.09.18 12:05:26.819,0.80595,0.80623,1.22,2.54
2012.09.18 12:05:27.681,0.80592,0.8062,1.45,1.13
2012.09.18 12:05:28.096,0.80592,0.80618,1.22,1.50
2012.09.18 12:05:30.470,0.80592,0.80618,1.22,1.50
2012.09.18 12:05:38.370,0.80592,0.80619,1.22,1.13
2012.09.18 12:05:38.919,0.80592,0.80619,1.22,1.13
2012.09.18 12:05:39.799,0.80592,0.80618,1.22,1.13
2012.09.18 12:05:40.428,0.80586,0.80617,1.22,1.64
2012.09.18 12:05:40.571,0.80586,0.80617,1.22,1.35
2012.09.18 12:05:41.336,0.80586,0.80617,1.22,1.35
2012.09.18 12:05:41.870,0.80591,0.80618,1.22,2.01
2012.09.18 12:05:42.008,0.80591,0.80618,1.22,1.73
2012.09.18 12:05:42.659,0.80591,0.80619,1.22,1.79
2012.09.18 12:05:43.480,0.80591,0.80619,1.22,1.79
2012.09.18 12:05:45.600,0.80593,0.80619,1.22,1.04
2012.09.18 12:05:46.018,0.80591,0.80619,1.45,1.50
2012.09.18 12:05:47.831,0.80591,0.80621,1.22,1.64
2012.09.18 12:05:48.378,0.80591,0.80621,1.22,1.64
2012.09.18 12:05:50.142,0.80591,0.80619,1.22,1.13
2012.09.18 12:05:52.780,0.80591,0.80621,1.22,1.64
2012.09.18 12:05:53.336,0.80591,0.80619,1.22,1.50
2012.09.18 12:05:54.343,0.80591,0.8062,1.22,1.35
2012.09.18 12:05:54.818,0.80591,0.8062,1.22,1.64
2012.09.18 12:05:55.340,0.80591,0.8062,1.22,1.64
2012.09.18 12:05:57.087,0.80591,0.80619,1.22,1.13
2012.09.18 12:06:00.419,0.80591,0.80619,1.22,1.13
2012.09.18 12:06:02.239,0.80591,0.80619,1.22,1.50
2012.09.18 12:06:04.610,0.80591,0.80618,1.22,1.13
2012.09.18 12:06:04.799,0.80591,0.80617,1.22,1.04
2012.09.18 12:06:05.098,0.8059,0.80616,1.22,1.79
2012.09.18 12:06:05.171,0.80586,0.80613,1.22,1.79
2012.09.18 12:06:05.238,0.80582,0.80611,1.45,1.13
2012.09.18 12:06:05.511,0.80586,0.80614,1.22,2.01
2012.09.18 12:06:06.808,0.80586,0.80614,1.22,2.01
2012.09.18 12:06:07.788,0.80586,0.80614,1.22,1.35
2012.09.18 12:06:08.331,0.80586,0.80614,1.22,1.35
2012.09.18 12:06:10.173,0.80591,0.80618,1.22,1.50
2012.09.18 12:06:10.237,0.80591,0.80618,1.22,1.50
2012.09.18 12:06:10.870,0.80592,0.80618,1.22,1.50
2012.09.18 12:06:14.291,0.80592,0.80618,1.22,1.50
2012.09.18 12:06:14.810,0.80586,0.80615,1.22,1.35
2012.09.18 12:06:16.228,0.80586,0.80614,1.22,1.13
2012.09.18 12:06:17.152,0.80586,0.80615,1.22,1.35
2012.09.18 12:06:18.257,0.80586,0.80614,1.22,1.13
2012.09.18 12:06:20.128,0.80586,0.80616,1.22,1.64
2012.09.18 12:06:20.719,0.80586,0.80616,1.22,1.64
2012.09.18 12:06:23.755,0.80586,0.80614,1.22,1.13
2012.09.18 12:06:24.745,0.80586,0.80616,1.22,1.64
2012.09.18 12:06:27.700,0.80586,0.80614,1.22,1.13
2012.09.18 12:06:27.834,0.8059,0.80617,1.22,1.73
2012.09.18 12:06:28.042,0.8059,0.80618,1.22,1.13
2012.09.18 12:06:28.348,0.80593,0.80624,1.22,1.26
2012.09.18 12:06:28.498,0.806,0.80627,1.22,1.04
2012.09.18 12:06:29.378,0.80599,0.8063,1.22,1.26
2012.09.18 12:06:29.498,0.80604,0.80631,1.22,1.04
2012.09.18 12:06:30.590,0.80603,0.80633,1.22,1.04
2012.09.18 12:06:31.408,0.80602,0.8063,1.45,1.04
2012.09.18 12:06:35.227,0.80599,0.80628,1.22,1.64
2012.09.18 12:06:41.340,0.80601,0.80628,1.22,1.26
2012.09.18 12:06:55.443,0.80601,0.80628,1.22,1.64
2012.09.18 12:06:56.416,0.80601,0.80628,1.22,1.26
2012.09.18 12:07:00.919,0.80601,0.80628,1.22,1.64
2012.09.18 12:07:05.455,0.80601,0.80628,1.22,2.01
2012.09.18 12:07:06.761,0.80601,0.80628,1.22,1.26
2012.09.18 12:07:09.848,0.80597,0.80628,1.45,1.64
2012.09.18 12:07:10.170,0.80596,0.80624,1.45,1.13
2012.09.18 12:07:10.418,0.80595,0.80624,1.22,1.64
2012.09.18 12:07:10.728,0.80591,0.80619,1.45,1.04
2012.09.18 12:07:11.037,0.80587,0.80615,1.07,1.13
2012.09.18 12:07:13.379,0.80591,0.80619,1.22,1.64
2012.09.18 12:07:16.999,0.8059,0.8062,1.60,1.26
2012.09.18 12:07:17.128,0.80592,0.80624,1.45,1.64
2012.09.18 12:07:17.445,0.80599,0.80626,1.22,2.01
2012.09.18 12:07:17.510,0.80599,0.80629,1.22,1.64
2012.09.18 12:07:20.513,0.80598,0.80629,1.22,1.64
2012.09.18 12:07:21.998,0.80594,0.80628,1.82,1.26
2012.09.18 12:07:22.179,0.80594,0.80623,1.60,1.04
2012.09.18 12:07:22.811,0.80593,0.80623,1.22,1.41
2012.09.18 12:07:22.938,0.80594,0.80623,1.22,1.41
2012.09.18 12:07:23.910,0.80595,0.80623,1.22,1.04
2012.09.18 12:07:25.998,0.80595,0.80624,1.22,1.26
2012.09.18 12:07:26.806,0.80595,0.80623,1.22,1.04
2012.09.18 12:07:30.294,0.80594,0.80623,1.22,1.04
2012.09.18 12:07:30.860,0.80594,0.80624,1.22,1.26
2012.09.18 12:07:31.129,0.80598,0.80628,1.22,1.41
2012.09.18 12:07:32.190,0.80599,0.80628,1.22,1.04
2012.09.18 12:07:34.369,0.80597,0.80624,1.22,1.13
2012.09.18 12:07:35.241,0.80595,0.80623,1.22,1.26
2012.09.18 12:07:36.120,0.80596,0.80623,1.22,1.26
2012.09.18 12:07:37.000,0.80595,0.80623,1.22,1.26
2012.09.18 12:07:38.979,0.80596,0.80623,1.22,1.04
2012.09.18 12:07:39.859,0.80595,0.80623,1.22,1.04
2012.09.18 12:07:41.098,0.80594,0.80623,1.22,1.41
2012.09.18 12:07:47.229,0.80591,0.80623,2.20,1.04
2012.09.18 12:07:47.358,0.80591,0.80621,1.45,1.04
2012.09.18 12:07:47.449,0.80589,0.80619,1.45,1.04
2012.09.18 12:07:47.928,0.80591,0.80623,1.22,1.26
2012.09.18 12:07:48.128,0.80591,0.80623,1.45,1.04
2012.09.18 12:07:48.198,0.80591,0.80621,1.45,1.04
2012.09.18 12:07:48.388,0.80594,0.80623,1.22,1.64
2012.09.18 12:07:48.511,0.80594,0.80623,1.22,1.41
2012.09.18 12:07:49.044,0.80591,0.80621,1.82,1.04
2012.09.18 12:07:49.109,0.80591,0.80621,1.60,1.26
2012.09.18 12:07:51.304,0.80591,0.80621,1.22,1.26
2012.09.18 12:07:54.600,0.80591,0.80621,1.22,1.64
2012.09.18 12:08:00.128,0.80591,0.80623,1.22,1.26
2012.09.18 12:08:00.470,0.80593,0.80623,1.22,1.26
2012.09.18 12:08:00.549,0.80597,0.80626,1.22,1.04
2012.09.18 12:08:01.613,0.80597,0.80628,1.22,1.04
2012.09.18 12:08:06.327,0.806,0.80629,1.22,1.41
2012.09.18 12:08:07.217,0.806,0.8063,1.22,1.26
2012.09.18 12:08:07.810,0.806,0.80629,1.22,1.04
2012.09.18 12:08:21.009,0.80597,0.80629,1.22,1.41
2012.09.18 12:08:21.510,0.80598,0.80629,1.22,1.41
2012.09.18 12:08:22.904,0.80598,0.80629,1.22,1.64
2012.09.18 12:08:24.449,0.80596,0.80629,1.22,1.64
2012.09.18 12:08:27.279,0.80594,0.80626,1.22,1.26
2012.09.18 12:08:30.517,0.80592,0.80628,1.82,1.26
2012.09.18 12:08:31.791,0.80594,0.80627,1.22,1.26
2012.09.18 12:08:33.729,0.80595,0.80627,1.22,1.26
2012.09.18 12:08:35.395,0.80592,0.80627,1.45,1.26
2012.09.18 12:08:35.970,0.80595,0.80628,1.22,1.26
2012.09.18 12:08:36.683,0.80592,0.80625,1.45,1.26
2012.09.18 12:08:38.878,0.80593,0.80624,1.22,1.04
2012.09.18 12:08:43.380,0.80593,0.80624,1.22,1.04
2012.09.18 12:08:47.190,0.80592,0.80623,1.22,1.26
2012.09.18 12:08:48.458,0.80593,0.80623,1.22,1.26
2012.09.18 12:08:48.900,0.8059,0.80624,1.60,2.61
2012.09.18 12:08:49.819,0.80591,0.80622,1.22,1.26
2012.09.18 12:08:50.393,0.8059,0.80622,1.22,1.26
2012.09.18 12:08:51.710,0.80591,0.80622,1.22,1.26
2012.09.18 12:08:52.583,0.80592,0.80621,1.22,1.26
2012.09.18 12:08:52.679,0.80592,0.80621,1.22,1.26
2012.09.18 12:08:55.205,0.80592,0.80625,1.45,1.26
2012.09.18 12:08:59.121,0.80592,0.80624,1.45,1.41
2012.09.18 12:08:59.308,0.8059,0.80624,1.22,1.64
2012.09.18 12:09:00.390,0.80591,0.80622,1.22,1.26
2012.09.18 12:09:03.640,0.8059,0.80622,1.22,1.26
2012.09.18 12:09:04.160,0.80591,0.80624,1.22,1.26
2012.09.18 12:09:04.890,0.80592,0.80624,1.45,2.01
2012.09.18 12:09:05.019,0.80589,0.8062,1.45,1.04
2012.09.18 12:09:05.527,0.80587,0.8062,1.45,1.04
2012.09.18 12:09:09.189,0.80586,0.80619,1.45,1.04
2012.09.18 12:09:19.750,0.80588,0.80621,1.22,1.26
2012.09.18 12:09:20.528,0.80589,0.80621,1.22,1.26
2012.09.18 12:09:27.322,0.80589,0.80618,1.22,1.04
2012.09.18 12:09:27.609,0.80587,0.80618,1.13,1.26
2012.09.18 12:09:30.434,0.80586,0.80618,1.22,1.26
2012.09.18 12:09:30.689,0.80589,0.80618,1.22,1.26
2012.09.18 12:09:31.619,0.8059,0.80622,1.22,1.26
2012.09.18 12:09:31.794,0.80591,0.80623,1.45,1.41
2012.09.18 12:09:32.408,0.80589,0.80618,1.60,1.04
2012.09.18 12:09:51.006,0.80589,0.80618,1.22,1.04
2012.09.18 12:09:52.172,0.80592,0.80626,1.13,1.26
2012.09.18 12:09:52.238,0.80597,0.80626,1.22,1.26
2012.09.18 12:09:52.370,0.80597,0.80626,1.45,1.04
2012.09.18 12:09:53.162,0.80597,0.80623,1.45,1.04
2012.09.18 12:09:53.230,0.80596,0.80623,1.35,1.04
2012.09.18 12:09:53.419,0.80592,0.80619,1.07,1.04
2012.09.18 12:09:53.489,0.80591,0.80619,1.35,1.04
2012.09.18 12:09:54.061,0.80589,0.80619,1.22,1.26
2012.09.18 12:10:03.698,0.80589,0.80619,1.22,1.26
2012.09.18 12:10:06.612,0.80588,0.80619,1.45,1.64
2012.09.18 12:10:06.929,0.80592,0.80618,1.13,1.04
2012.09.18 12:10:06.998,0.80592,0.80618,1.13,1.04
2012.09.18 12:10:07.493,0.80587,0.80618,1.13,1.26
2012.09.18 12:10:08.158,0.80589,0.80623,1.60,1.64
2012.09.18 12:10:08.318,0.80591,0.80623,1.45,1.64
2012.09.18 12:10:11.641,0.80591,0.80618,1.45,1.04
2012.09.18 12:10:11.781,0.80589,0.80618,1.35,1.04
2012.09.18 12:10:12.112,0.80596,0.80629,1.35,1.26
2012.09.18 12:10:12.238,0.80596,0.80624,1.35,1.04
2012.09.18 12:10:12.378,0.80593,0.80624,1.35,1.64
2012.09.18 12:10:12.448,0.80593,0.80624,1.35,1.64
2012.09.18 12:10:20.518,0.80592,0.80624,1.60,1.26
2012.09.18 12:10:21.422,0.80594,0.80626,1.13,1.49
2012.09.18 12:10:21.549,0.80592,0.80618,1.50,1.04
2012.09.18 12:10:21.738,0.8059,0.80618,1.13,1.26
2012.09.18 12:10:26.082,0.80588,0.80618,1.60,1.26
2012.09.18 12:10:26.421,0.8059,0.80624,1.22,2.01
2012.09.18 12:10:26.488,0.8059,0.80619,1.22,1.04
2012.09.18 12:10:26.633,0.80589,0.80619,1.45,1.04
2012.09.18 12:10:27.670,0.8059,0.80619,1.22,1.26
2012.09.18 12:10:29.437,0.8059,0.80619,1.13,1.26
2012.09.18 12:10:30.530,0.8059,0.80619,1.60,1.26
2012.09.18 12:10:31.409,0.8059,0.80619,1.13,1.26
2012.09.18 12:10:40.540,0.80586,0.80618,1.45,1.26
2012.09.18 12:10:43.890,0.80586,0.80613,1.45,1.04
2012.09.18 12:10:44.089,0.80584,0.80613,1.22,1.26
2012.09.18 12:10:45.369,0.80584,0.80616,1.22,1.26
2012.09.18 12:10:45.618,0.80584,0.80618,1.45,1.64
2012.09.18 12:10:45.721,0.80586,0.80618,1.45,1.64
2012.09.18 12:10:47.030,0.80587,0.80618,1.13,1.26
2012.09.18 12:10:48.708,0.80587,0.80613,1.13,1.04
2012.09.18 12:10:49.969,0.80584,0.80613,1.22,1.04
2012.09.18 12:10:50.457,0.80584,0.80613,1.22,1.04
2012.09.18 12:10:52.090,0.80583,0.80613,1.22,1.04
2012.09.18 12:10:53.923,0.80583,0.80613,1.60,1.04
2012.09.18 12:10:54.255,0.80583,0.80613,1.60,1.04
2012.09.18 12:10:55.359,0.80583,0.80613,1.60,1.04
2012.09.18 12:10:55.698,0.80584,0.80619,1.22,2.01
2012.09.18 12:10:56.673,0.80588,0.80619,1.22,2.01
2012.09.18 12:10:57.994,0.80587,0.80619,1.22,1.64
2012.09.18 12:10:58.438,0.80584,0.80613,1.82,1.04
2012.09.18 12:10:58.569,0.80587,0.80613,1.50,1.04
2012.09.18 12:10:59.365,0.80589,0.80618,1.13,1.26
2012.09.18 12:11:00.415,0.80586,0.80618,1.60,1.26
2012.09.18 12:11:01.620,0.80587,0.80613,1.13,1.04
2012.09.18 12:11:02.078,0.80584,0.80613,1.13,1.26
2012.09.18 12:11:02.451,0.80584,0.80618,1.35,2.61
2012.09.18 12:11:02.518,0.80585,0.80618,1.45,2.61
2012.09.18 12:11:02.610,0.80585,0.80618,1.45,2.61
2012.09.18 12:11:03.602,0.80586,0.80614,1.13,1.04
2012.09.18 12:11:03.711,0.80586,0.80614,1.13,1.04
2012.09.18 12:11:04.049,0.80588,0.80618,1.13,1.86
2012.09.18 12:11:05.690,0.80586,0.80614,2.20,1.04
2012.09.18 12:11:05.763,0.80584,0.80614,1.35,1.04
2012.09.18 12:11:05.828,0.80584,0.80614,1.60,1.26
2012.09.18 12:11:05.911,0.80584,0.80618,1.60,2.24
2012.09.18 12:11:06.243,0.80586,0.80618,1.22,1.49
2012.09.18 12:11:06.310,0.80589,0.8062,1.22,1.26
2012.09.18 12:11:07.259,0.80592,0.80624,1.22,2.24
2012.09.18 12:11:07.328,0.80592,0.80624,1.22,1.49
2012.09.18 12:11:07.400,0.80592,0.80624,1.45,2.01
2012.09.18 12:11:07.469,0.8059,0.80624,1.45,2.24
2012.09.18 12:11:08.600,0.80591,0.80619,1.13,1.04
2012.09.18 12:11:08.818,0.80587,0.80619,1.45,1.41
2012.09.18 12:11:09.410,0.80587,0.8062,1.22,1.26
2012.09.18 12:11:09.600,0.80591,0.80624,1.35,2.01
2012.09.18 12:11:10.310,0.8059,0.80622,1.45,1.04
2012.09.18 12:11:10.852,0.80589,0.80619,1.45,1.04
2012.09.18 12:11:11.218,0.80588,0.80622,1.13,1.26
2012.09.18 12:11:11.302,0.80588,0.80622,1.60,1.26
2012.09.18 12:11:12.603,0.80589,0.80619,1.35,1.04
2012.09.18 12:11:12.840,0.80588,0.80619,1.22,1.64
2012.09.18 12:11:13.152,0.80586,0.8062,1.13,1.26
2012.09.18 12:11:13.219,0.80586,0.8062,1.60,1.26
2012.09.18 12:11:14.659,0.8059,0.80619,1.35,1.04
2012.09.18 12:11:14.799,0.8059,0.80619,1.13,1.26
2012.09.18 12:11:14.989,0.80587,0.80613,1.13,1.04
2012.09.18 12:11:15.119,0.80587,0.80613,1.13,1.26
2012.09.18 12:11:18.700,0.80586,0.80619,1.35,1.64
2012.09.18 12:11:18.845,0.80587,0.80619,1.13,1.64
2012.09.18 12:11:19.431,0.80587,0.80613,1.13,1.04
2012.09.18 12:11:19.499,0.80584,0.80613,1.35,1.04
2012.09.18 12:11:20.204,0.80582,0.80608,1.50,1.04
2012.09.18 12:11:20.269,0.8058,0.80608,1.45,1.04
2012.09.18 12:11:20.399,0.80579,0.80608,1.22,1.26
2012.09.18 12:11:20.769,0.80583,0.80614,1.13,1.26
2012.09.18 12:11:21.698,0.80583,0.80617,1.35,1.26
2012.09.18 12:11:21.854,0.80584,0.80617,1.45,1.26
2012.09.18 12:11:25.678,0.80586,0.80618,1.22,1.49
2012.09.18 12:11:30.391,0.80587,0.80618,1.13,1.11
2012.09.18 12:11:36.761,0.80587,0.80618,1.13,1.11
2012.09.18 12:11:43.114,0.80586,0.80618,1.13,1.49
2012.09.18 12:11:44.120,0.80586,0.80618,1.13,1.49
2012.09.18 12:11:44.188,0.80586,0.80618,1.13,1.49
2012.09.18 12:11:44.248,0.80587,0.80618,1.22,1.49
2012.09.18 12:11:44.462,0.8059,0.80621,1.35,2.61
2012.09.18 12:11:44.588,0.80596,0.80621,1.13,2.61
2012.09.18 12:11:44.648,0.80596,0.80621,1.13,2.61
2012.09.18 12:11:44.778,0.80599,0.8063,1.22,1.26
2012.09.18 12:11:44.909,0.80601,0.80633,1.60,1.64
2012.09.18 12:11:44.979,0.80605,0.80639,1.13,2.24
2012.09.18 12:11:45.322,0.80605,0.80639,1.35,1.26
2012.09.18 12:11:45.389,0.80609,0.80639,1.45,1.26
2012.09.18 12:11:49.891,0.80609,0.80638,1.35,1.04
2012.09.18 12:11:50.078,0.80607,0.80638,1.13,1.26
2012.09.18 12:11:50.511,0.80607,0.80638,1.13,1.26
2012.09.18 12:11:53.190,0.80605,0.8064,2.05,1.04
2012.09.18 12:11:53.390,0.80609,0.8064,1.22,1.04
2012.09.18 12:11:56.467,0.8061,0.80643,1.13,1.11
2012.09.18 12:11:56.539,0.80612,0.80643,1.22,1.11
2012.09.18 12:11:56.608,0.80614,0.80644,1.22,1.26
2012.09.18 12:11:57.198,0.80614,0.80643,1.22,1.64
2012.09.18 12:11:57.268,0.8061,0.80643,1.82,1.64
2012.09.18 12:11:57.908,0.80609,0.80643,1.35,2.61
2012.09.18 12:12:00.544,0.80607,0.80641,1.82,1.26
2012.09.18 12:12:10.198,0.80609,0.80643,1.45,2.61
2012.09.18 12:12:10.782,0.8061,0.80643,1.22,2.61
2012.09.18 12:12:11.119,0.80607,0.80643,1.82,2.61
2012.09.18 12:12:11.189,0.80607,0.80638,1.82,1.04
2012.09.18 12:12:11.334,0.80609,0.80638,1.45,1.41
2012.09.18 12:12:11.399,0.80609,0.8064,1.45,1.26
2012.09.18 12:12:11.719,0.80607,0.80639,1.45,1.41
2012.09.18 12:12:11.940,0.80608,0.8064,1.22,1.26
2012.09.18 12:12:12.012,0.80613,0.80643,1.22,1.49
2012.09.18 12:12:12.149,0.80606,0.80639,1.45,1.04
2012.09.18 12:12:12.280,0.80604,0.80633,1.22,1.04
2012.09.18 12:12:12.932,0.80602,0.8063,1.45,1.04
2012.09.18 12:12:12.999,0.80601,0.80629,1.45,1.04
2012.09.18 12:12:13.129,0.80601,0.80634,1.22,2.24
2012.09.18 12:12:13.803,0.80606,0.80634,1.22,2.24
2012.09.18 12:12:14.124,0.80606,0.80634,1.22,2.01
2012.09.18 12:12:17.368,0.80606,0.80634,1.22,1.26
2012.09.18 12:12:17.590,0.80609,0.80637,1.22,1.11
2012.09.18 12:12:17.659,0.80606,0.80634,1.07,1.35
2012.09.18 12:12:17.858,0.80601,0.80629,1.22,1.04
2012.09.18 12:12:17.929,0.80602,0.80631,1.45,1.04
2012.09.18 12:12:17.999,0.80605,0.80634,1.22,1.41
2012.09.18 12:12:18.069,0.80605,0.80634,1.60,1.04
2012.09.18 12:12:19.153,0.80605,0.80641,1.60,1.86
2012.09.18 12:12:19.231,0.80613,0.80642,1.45,1.04
2012.09.18 12:12:20.354,0.80614,0.80642,1.22,1.04
2012.09.18 12:12:22.419,0.80611,0.8064,1.45,1.04
2012.09.18 12:12:22.549,0.8061,0.80639,1.22,1.04
2012.09.18 12:12:25.678,0.80608,0.80639,1.45,1.04
2012.09.18 12:12:28.348,0.80608,0.80642,1.82,1.49
2012.09.18 12:12:28.592,0.80612,0.80642,1.45,1.26
2012.09.18 12:12:30.472,0.80611,0.80642,1.45,1.26
2012.09.18 12:12:32.361,0.80611,0.80642,1.45,1.64
2012.09.18 12:12:32.609,0.80615,0.80646,1.45,1.04
2012.09.18 12:12:34.120,0.80615,0.80643,1.45,1.04
2012.09.18 12:12:36.421,0.80608,0.80638,1.82,1.04
2012.09.18 12:12:38.578,0.80608,0.8064,1.82,1.11
2012.09.18 12:12:38.809,0.80611,0.8064,1.13,1.11
2012.09.18 12:12:39.531,0.80611,0.80643,1.82,3.51
2012.09.18 12:12:41.670,0.80612,0.80645,1.45,1.26
2012.09.18 12:12:41.859,0.80615,0.80646,1.45,1.04
2012.09.18 12:12:42.145,0.80615,0.80643,1.45,1.04
2012.09.18 12:12:42.209,0.80613,0.80643,1.45,1.04
2012.09.18 12:12:43.411,0.80611,0.80644,1.45,1.26
2012.09.18 12:12:43.514,0.80615,0.80644,1.22,1.26
2012.09.18 12:12:45.389,0.80618,0.80647,1.45,1.04
2012.09.18 12:12:50.554,0.80617,0.80648,1.45,1.41
2012.09.18 12:12:51.340,0.80616,0.80644,1.45,1.04
2012.09.18 12:12:51.424,0.80614,0.80644,1.82,1.04
2012.09.18 12:12:51.548,0.80614,0.80644,1.60,1.04
2012.09.18 12:12:58.195,0.80614,0.80646,1.22,1.26
2012.09.18 12:12:58.258,0.80617,0.80646,1.22,1.26
2012.09.18 12:12:58.378,0.80616,0.80644,1.45,1.41
2012.09.18 12:12:58.571,0.80616,0.80644,1.45,1.04
2012.09.18 12:12:59.035,0.80619,0.80649,1.22,2.01
2012.09.18 12:12:59.121,0.80623,0.80654,1.45,2.01
2012.09.18 12:12:59.479,0.80622,0.80654,1.22,2.01
2012.09.18 12:12:59.608,0.80623,0.80654,1.45,2.01
2012.09.18 12:12:59.729,0.80622,0.80654,1.45,2.01
2012.09.18 12:13:00.331,0.80623,0.80654,1.22,2.01
2012.09.18 12:13:03.874,0.80621,0.80654,1.60,1.64
2012.09.18 12:13:04.090,0.80621,0.80649,1.13,1.04
2012.09.18 12:13:04.309,0.80621,0.80649,1.13,1.26
2012.09.18 12:13:10.068,0.80618,0.80649,1.22,1.64
2012.09.18 12:13:10.801,0.8062,0.80647,1.22,1.26
2012.09.18 12:13:10.870,0.80617,0.80643,1.22,1.04
2012.09.18 12:13:12.160,0.80615,0.80648,1.13,1.64
2012.09.18 12:13:12.410,0.80616,0.80648,1.22,1.64
2012.09.18 12:13:12.908,0.80616,0.80649,1.22,1.26
2012.09.18 12:13:13.158,0.80621,0.80651,1.22,1.26
2012.09.18 12:13:17.611,0.80621,0.80649,1.22,1.04
2012.09.18 12:13:17.749,0.80619,0.80649,1.60,1.86
2012.09.18 12:13:18.098,0.80619,0.80651,1.82,1.26
2012.09.18 12:13:19.959,0.80619,0.80651,1.45,1.04
2012.09.18 12:13:20.089,0.80625,0.80654,1.45,1.64
2012.09.18 12:13:20.668,0.80626,0.80654,1.22,1.04
2012.09.18 12:13:20.788,0.80626,0.80658,1.22,2.01
2012.09.18 12:13:20.884,0.80626,0.80654,1.22,1.04
2012.09.18 12:13:20.948,0.80624,0.80653,1.45,1.04
2012.09.18 12:13:21.641,0.80624,0.80658,1.22,2.01
2012.09.18 12:13:21.870,0.80628,0.80658,1.22,2.01
2012.09.18 12:13:30.382,0.80629,0.80658,1.22,1.64
2012.09.18 12:13:30.968,0.80628,0.80658,1.22,1.64
2012.09.18 12:13:50.508,0.80626,0.80658,1.22,2.01
2012.09.18 12:13:53.746,0.80626,0.80655,1.22,1.04
2012.09.18 12:13:56.813,0.80626,0.80654,1.22,1.04
2012.09.18 12:13:58.562,0.80626,0.80656,1.22,1.26
2012.09.18 12:14:00.370,0.80627,0.80656,1.22,1.26
2012.09.18 12:14:06.312,0.8063,0.80658,1.22,1.64
2012.09.18 12:14:06.438,0.8063,0.80659,1.22,1.26
2012.09.18 12:14:07.251,0.80631,0.8066,1.22,1.04
2012.09.18 12:14:09.640,0.80634,0.80663,1.22,1.04
2012.09.18 12:14:09.828,0.80631,0.80663,1.22,1.26
2012.09.18 12:14:09.900,0.80631,0.80658,1.22,1.04
2012.09.18 12:14:09.970,0.80629,0.80658,1.13,1.26
2012.09.18 12:14:12.561,0.80629,0.80658,1.22,1.26
2012.09.18 12:14:12.780,0.80629,0.80658,1.22,1.26
2012.09.18 12:14:28.702,0.80626,0.8066,1.22,1.26
2012.09.18 12:14:28.769,0.80631,0.8066,1.22,1.04
2012.09.18 12:14:33.143,0.80631,0.80659,1.22,1.04
2012.09.18 12:14:33.282,0.80628,0.80659,1.35,1.41
2012.09.18 12:14:34.011,0.80626,0.80655,1.97,1.04
2012.09.18 12:14:34.131,0.80628,0.80658,1.13,1.26
2012.09.18 12:14:34.399,0.8063,0.80658,1.22,1.04
2012.09.18 12:14:35.259,0.80628,0.80658,1.45,1.04
2012.09.18 12:14:37.439,0.80631,0.80658,1.22,1.04
2012.09.18 12:14:38.853,0.80631,0.80663,1.22,1.64
2012.09.18 12:14:38.980,0.80633,0.80663,1.22,1.64
2012.09.18 12:14:39.669,0.80634,0.80663,1.22,1.04
2012.09.18 12:14:40.198,0.80631,0.8066,1.45,1.13
2012.09.18 12:14:40.328,0.80631,0.80659,1.45,1.04
2012.09.18 12:14:42.115,0.80626,0.8066,1.82,1.41
2012.09.18 12:14:42.238,0.80626,0.80655,1.22,1.04
2012.09.18 12:14:42.418,0.80629,0.80658,1.22,1.26
2012.09.18 12:14:42.980,0.8063,0.80659,1.22,1.41
2012.09.18 12:14:45.032,0.80631,0.80659,1.22,1.41
2012.09.18 12:14:46.201,0.80631,0.80659,1.22,1.41
2012.09.18 12:14:54.948,0.80631,0.80659,1.22,1.04
2012.09.18 12:14:55.400,0.80632,0.80663,1.22,1.26
2012.09.18 12:14:55.591,0.80635,0.80663,1.22,1.04
2012.09.18 12:14:56.382,0.80634,0.80664,1.22,1.79
2012.09.18 12:14:56.629,0.80632,0.80659,1.82,1.04
2012.09.18 12:14:56.849,0.80629,0.80658,1.22,1.04
2012.09.18 12:14:57.931,0.80626,0.80654,1.45,1.04
2012.09.18 12:14:58.079,0.80625,0.80654,1.22,1.04
2012.09.18 12:15:00.510,0.80626,0.80654,1.60,1.04
2012.09.18 12:15:02.245,0.80626,0.80654,1.22,1.04
2012.09.18 12:15:02.329,0.80626,0.80656,1.22,1.35
2012.09.18 12:15:02.751,0.80631,0.80659,1.22,1.04
2012.09.18 12:15:06.123,0.80629,0.80658,1.22,1.04
2012.09.18 12:15:06.309,0.80627,0.80653,1.13,1.26
2012.09.18 12:15:06.439,0.80627,0.80653,1.13,1.04
2012.09.18 12:15:06.719,0.80625,0.80652,1.22,1.04
2012.09.18 12:15:06.878,0.80622,0.80652,1.07,1.04
2012.09.18 12:15:10.438,0.80621,0.80651,1.22,1.26
2012.09.18 12:15:11.099,0.80621,0.80649,1.50,1.04
2012.09.18 12:15:11.439,0.80621,0.80649,1.97,1.26
2012.09.18 12:15:11.562,0.80621,0.80649,1.97,1.04
2012.09.18 12:15:12.022,0.80621,0.80649,1.97,1.04
2012.09.18 12:15:13.879,0.80621,0.80649,1.97,1.04
2012.09.18 12:15:15.098,0.80626,0.80654,1.22,1.26
2012.09.18 12:15:15.650,0.80624,0.80654,1.22,1.26
2012.09.18 12:15:16.030,0.80626,0.80654,1.60,1.26
2012.09.18 12:15:18.632,0.80627,0.80654,1.22,1.26
2012.09.18 12:15:18.878,0.80631,0.80659,1.22,2.01
2012.09.18 12:15:19.980,0.80631,0.80659,1.22,1.26
2012.09.18 12:15:21.640,0.80632,0.80663,1.22,1.26
2012.09.18 12:15:21.959,0.80631,0.80658,1.13,1.04
2012.09.18 12:15:22.142,0.80631,0.80663,1.13,1.64
2012.09.18 12:15:22.208,0.80634,0.80663,1.22,1.64
2012.09.18 12:15:22.371,0.80635,0.80663,1.22,1.64
2012.09.18 12:15:22.630,0.80631,0.80661,1.60,1.04
2012.09.18 12:15:22.700,0.80631,0.80659,1.60,1.04
2012.09.18 12:15:23.252,0.80631,0.80659,1.22,1.26
2012.09.18 12:15:25.330,0.80631,0.80659,1.60,1.26
2012.09.18 12:15:27.101,0.80632,0.80663,1.13,1.26
2012.09.18 12:15:27.233,0.80635,0.80663,1.22,1.26
2012.09.18 12:15:28.368,0.80632,0.80661,1.60,1.04
2012.09.18 12:15:28.529,0.80632,0.80658,1.60,1.04
2012.09.18 12:15:28.689,0.8063,0.80658,1.22,1.26
2012.09.18 12:15:28.808,0.80628,0.80655,1.22,1.26
2012.09.18 12:15:29.855,0.80627,0.80655,1.60,1.26
2012.09.18 12:15:29.919,0.80625,0.80653,1.22,1.26
2012.09.18 12:15:31.388,0.80623,0.80653,1.22,1.26
2012.09.18 12:15:47.379,0.80626,0.80653,1.22,1.26
2012.09.18 12:15:47.593,0.80627,0.80654,1.22,1.13
2012.09.18 12:15:50.470,0.80627,0.80655,1.22,1.64
2012.09.18 12:15:52.541,0.80626,0.80654,1.22,1.04
2012.09.18 12:15:53.919,0.8063,0.80658,1.22,1.64
2012.09.18 12:15:54.089,0.8063,0.80658,1.82,1.04
2012.09.18 12:15:59.032,0.80632,0.80659,1.22,1.04
2012.09.18 12:15:59.599,0.80627,0.80656,1.22,1.04
2012.09.18 12:15:59.728,0.80631,0.80659,1.22,1.26
2012.09.18 12:15:59.848,0.80631,0.80659,1.22,1.04
2012.09.18 12:15:59.911,0.80631,0.8066,1.22,1.04
2012.09.18 12:16:00.588,0.80631,0.80661,1.97,1.26
2012.09.18 12:16:03.880,0.80635,0.80663,1.22,1.26
2012.09.18 12:16:04.281,0.80632,0.80665,1.60,1.86
2012.09.18 12:16:04.348,0.80632,0.80663,1.60,1.26
2012.09.18 12:16:07.518,0.80635,0.80663,1.22,1.26
2012.09.18 12:16:08.143,0.80632,0.80663,1.60,1.26
2012.09.18 12:16:08.220,0.80636,0.80664,1.22,1.26
2012.09.18 12:16:08.409,0.80636,0.80668,1.60,1.26
2012.09.18 12:16:08.881,0.80637,0.80664,1.13,1.26
2012.09.18 12:16:15.724,0.80637,0.80664,1.22,1.26
2012.09.18 12:16:16.429,0.80637,0.80663,1.22,1.04
2012.09.18 12:16:18.531,0.80636,0.80663,1.13,1.26
2012.09.18 12:16:18.890,0.80638,0.80666,1.45,2.39
2012.09.18 12:16:18.995,0.80638,0.80668,1.45,1.04
2012.09.18 12:16:19.565,0.80641,0.80668,1.60,1.04
2012.09.18 12:16:19.692,0.80639,0.80667,1.22,1.04
2012.09.18 12:16:20.071,0.80637,0.80665,1.22,1.04
2012.09.18 12:16:20.342,0.80637,0.80665,1.22,1.04
2012.09.18 12:16:20.410,0.80637,0.80665,1.22,1.04
2012.09.18 12:16:20.600,0.80637,0.80663,1.22,1.04
2012.09.18 12:16:26.559,0.80637,0.80664,1.50,1.04
2012.09.18 12:16:29.621,0.80637,0.80664,1.13,1.04
2012.09.18 12:16:30.490,0.80637,0.80664,1.60,1.04
2012.09.18 12:16:32.493,0.80637,0.80664,1.97,1.04
2012.09.18 12:16:32.823,0.80636,0.80664,1.22,1.04
2012.09.18 12:16:33.661,0.80637,0.80668,1.60,1.26
2012.09.18 12:16:33.851,0.80642,0.80669,1.22,1.04
2012.09.18 12:16:33.922,0.80643,0.80671,1.22,1.49
2012.09.18 12:16:34.062,0.80646,0.80673,1.22,1.41
2012.09.18 12:16:35.837,0.80641,0.80672,1.45,1.41
2012.09.18 12:16:36.101,0.80641,0.80669,1.22,1.04
2012.09.18 12:16:36.260,0.80638,0.80668,1.45,1.04
2012.09.18 12:16:36.330,0.80638,0.80667,1.22,1.26
2012.09.18 12:16:37.921,0.80636,0.80667,1.97,1.26
2012.09.18 12:16:40.493,0.80636,0.80664,1.97,1.04
2012.09.18 12:16:44.005,0.80636,0.80665,1.60,1.04
2012.09.18 12:16:49.431,0.80636,0.80665,1.97,1.04
2012.09.18 12:16:51.752,0.80636,0.80665,1.60,1.04
2012.09.18 12:16:57.631,0.80637,0.80669,1.22,2.01
2012.09.18 12:16:57.760,0.8064,0.80669,1.22,1.26
2012.09.18 12:16:59.553,0.8064,0.80669,1.22,1.04
2012.09.18 12:17:00.401,0.80639,0.80669,1.60,1.04
2012.09.18 12:17:04.939,0.80638,0.80667,1.07,1.04
2012.09.18 12:17:05.742,0.80637,0.80664,1.13,1.04
2012.09.18 12:17:06.281,0.80634,0.80663,1.22,1.26
2012.09.18 12:17:08.040,0.80635,0.80663,1.22,1.26
2012.09.18 12:17:51.653,0.80634,0.80664,1.22,1.26
2012.09.18 12:17:54.982,0.80636,0.80663,1.22,1.04
2012.09.18 12:17:55.564,0.80637,0.80664,1.22,1.04
2012.09.18 12:18:00.570,0.80636,0.80663,1.22,1.04
2012.09.18 12:18:00.645,0.80636,0.80668,1.22,1.64
2012.09.18 12:18:00.721,0.8064,0.80668,1.22,1.41
2012.09.18 12:18:01.051,0.80641,0.80669,1.22,1.04
2012.09.18 12:18:03.010,0.80641,0.80669,1.22,1.04
2012.09.18 12:18:03.392,0.80641,0.80673,1.22,1.26
2012.09.18 12:18:03.461,0.80642,0.80673,1.45,1.04
2012.09.18 12:18:04.854,0.80646,0.80674,1.22,1.41
2012.09.18 12:18:04.991,0.80648,0.80678,1.22,1.64
2012.09.18 12:18:05.302,0.80641,0.80669,1.22,1.26
2012.09.18 12:18:05.971,0.80642,0.80674,1.60,1.26
2012.09.18 12:18:06.594,0.80644,0.80674,1.22,1.04
2012.09.18 12:18:09.694,0.80641,0.80673,1.82,1.04
2012.09.18 12:18:10.017,0.80637,0.80663,1.60,1.04
2012.09.18 12:18:10.151,0.80633,0.8066,1.22,1.04
2012.09.18 12:18:10.445,0.80632,0.80658,1.60,1.04
2012.09.18 12:18:10.891,0.80632,0.80664,1.60,1.86
2012.09.18 12:18:10.961,0.80634,0.80666,1.22,1.26
2012.09.18 12:18:11.152,0.80638,0.80669,1.22,1.26
2012.09.18 12:18:13.131,0.80641,0.80669,1.22,1.64
2012.09.18 12:18:13.202,0.80641,0.80671,1.22,1.26
2012.09.18 12:18:13.270,0.80645,0.80671,1.22,1.26
2012.09.18 12:18:13.342,0.80646,0.80674,1.22,1.58
2012.09.18 12:18:13.411,0.80647,0.80675,1.22,2.61
2012.09.18 12:18:13.963,0.80647,0.80678,1.22,1.04
2012.09.18 12:18:18.273,0.80649,0.80679,1.22,1.26
2012.09.18 12:18:20.479,0.80648,0.80679,1.60,1.26
2012.09.18 12:18:27.080,0.80649,0.80679,1.13,1.64
2012.09.18 12:18:27.331,0.80641,0.80669,1.97,1.26
2012.09.18 12:18:28.044,0.8064,0.80669,1.22,1.26
2012.09.18 12:18:31.846,0.80637,0.80666,1.22,1.41
2012.09.18 12:18:31.922,0.80636,0.80664,1.45,1.04
2012.09.18 12:18:32.178,0.80635,0.80662,1.07,1.04
2012.09.18 12:18:32.412,0.80636,0.80664,1.22,1.26
2012.09.18 12:18:32.483,0.80638,0.80664,1.22,1.26
2012.09.18 12:18:32.911,0.8064,0.80669,1.13,1.64
2012.09.18 12:18:33.500,0.80641,0.80669,1.97,1.41
2012.09.18 12:18:33.865,0.80643,0.80673,1.13,1.64
2012.09.18 12:18:34.005,0.80646,0.80673,1.13,1.04
2012.09.18 12:18:34.462,0.80646,0.80673,1.13,1.04
2012.09.18 12:18:35.013,0.80646,0.80673,1.22,1.04
2012.09.18 12:18:36.383,0.80645,0.80673,1.45,1.04
2012.09.18 12:18:36.463,0.80643,0.8067,1.07,1.04
2012.09.18 12:18:36.606,0.80641,0.80668,1.45,1.04
2012.09.18 12:18:36.742,0.80636,0.80663,1.07,1.26
2012.09.18 12:18:36.875,0.80633,0.80661,1.22,1.04
2012.09.18 12:18:36.953,0.80637,0.80663,1.22,1.26
2012.09.18 12:18:37.309,0.80638,0.80666,1.22,1.41
2012.09.18 12:18:38.583,0.80637,0.80666,1.60,1.04
2012.09.18 12:18:39.722,0.80639,0.80666,1.22,1.04
2012.09.18 12:18:40.081,0.80647,0.80675,1.22,1.41
2012.09.18 12:18:50.471,0.80647,0.80674,1.22,1.04
2012.09.18 12:18:55.101,0.80645,0.80673,1.22,1.04
2012.09.18 12:18:55.171,0.80643,0.80672,1.07,1.04
2012.09.18 12:18:55.362,0.80633,0.80663,1.82,1.26
2012.09.18 12:18:55.431,0.80637,0.80663,1.22,1.26
2012.09.18 12:18:55.515,0.80637,0.80665,1.22,1.64
2012.09.18 12:18:55.772,0.80642,0.80669,1.22,1.04
2012.09.18 12:18:55.904,0.80646,0.80674,1.22,2.10
2012.09.18 12:18:56.689,0.80646,0.80674,1.22,1.13
2012.09.18 12:18:58.604,0.80647,0.80677,1.22,1.26
2012.09.18 12:18:58.672,0.80647,0.80679,1.22,2.01
2012.09.18 12:18:58.862,0.8065,0.80679,1.22,1.64
2012.09.18 12:18:59.213,0.80652,0.80683,1.22,1.26
2012.09.18 12:18:59.411,0.80652,0.8068,1.45,1.41
2012.09.18 12:18:59.480,0.80651,0.80678,1.82,1.04
2012.09.18 12:18:59.933,0.80646,0.80677,1.45,1.04
2012.09.18 12:19:00.001,0.80646,0.80676,1.45,1.04
2012.09.18 12:19:00.660,0.80646,0.80674,1.22,1.04
2012.09.18 12:19:01.698,0.80651,0.80678,1.22,2.99
2012.09.18 12:19:02.092,0.80652,0.80678,1.22,1.41
2012.09.18 12:19:02.724,0.80652,0.80678,1.22,1.13
2012.09.18 12:19:02.913,0.80653,0.80684,1.22,1.64
2012.09.18 12:19:02.982,0.80654,0.80684,1.22,1.41
2012.09.18 12:19:03.112,0.80652,0.80683,1.45,1.41
2012.09.18 12:19:03.330,0.80652,0.80684,1.22,1.64
2012.09.18 12:19:03.684,0.80651,0.80681,1.60,1.04
2012.09.18 12:19:03.753,0.80651,0.8068,1.45,1.13
2012.09.18 12:19:03.832,0.80651,0.8068,1.22,1.13
2012.09.18 12:19:04.048,0.80649,0.80679,1.45,1.04
2012.09.18 12:19:04.374,0.80651,0.80682,1.60,1.26
2012.09.18 12:19:04.992,0.80651,0.80684,1.82,1.35
2012.09.18 12:19:05.281,0.80657,0.80684,1.22,1.13
2012.09.18 12:19:05.351,0.80657,0.80684,1.22,1.13
2012.09.18 12:19:05.481,0.8066,0.80689,1.45,1.88
2012.09.18 12:19:08.504,0.80658,0.80688,1.22,1.04
2012.09.18 12:19:13.162,0.80656,0.80686,1.45,1.41
2012.09.18 12:19:13.351,0.80656,0.80684,1.22,1.26
2012.09.18 12:19:13.693,0.80657,0.80689,1.22,1.26
2012.09.18 12:19:13.830,0.80668,0.80698,1.45,1.79
2012.09.18 12:19:13.901,0.80667,0.80696,1.30,1.13
2012.09.18 12:19:14.265,0.80661,0.80692,1.22,1.35
2012.09.18 12:19:14.341,0.8066,0.80691,1.60,1.26
2012.09.18 12:19:15.030,0.80661,0.80692,1.22,1.04
2012.09.18 12:19:15.161,0.80661,0.80692,1.22,1.04
2012.09.18 12:19:15.755,0.80661,0.80691,1.22,1.26
2012.09.18 12:19:20.104,0.80664,0.80691,2.10,1.26
2012.09.18 12:19:20.410,0.80669,0.80699,1.07,1.35
2012.09.18 12:19:20.542,0.80664,0.80696,1.07,1.13
2012.09.18 12:19:20.613,0.80666,0.80696,1.45,1.13
2012.09.18 12:19:20.680,0.80666,0.80696,1.22,1.35
2012.09.18 12:19:20.847,0.80666,0.80696,1.22,1.13
2012.09.18 12:19:21.314,0.80666,0.8069,1.22,2.10
2012.09.18 12:19:21.500,0.80656,0.80687,1.22,1.95
2012.09.18 12:19:21.632,0.80656,0.80687,1.22,1.95
2012.09.18 12:19:21.701,0.80661,0.80688,1.22,1.35
2012.09.18 12:19:21.771,0.80661,0.80688,1.22,1.35
2012.09.18 12:19:22.092,0.80656,0.80687,1.22,1.13
2012.09.18 12:19:22.161,0.80656,0.80687,1.22,1.13
2012.09.18 12:19:22.231,0.80661,0.80688,1.22,1.35
2012.09.18 12:19:22.943,0.80661,0.80691,1.22,1.64
2012.09.18 12:19:26.139,0.8066,0.80689,1.22,1.64
2012.09.18 12:19:41.555,0.80659,0.80688,1.22,2.01
2012.09.18 12:19:46.411,0.80659,0.80688,1.22,1.26
2012.09.18 12:19:46.600,0.80665,0.80692,1.22,1.35
2012.09.18 12:19:47.486,0.80664,0.80694,1.22,1.64
2012.09.18 12:19:49.261,0.80666,0.80694,1.22,2.01
2012.09.18 12:19:49.421,0.80662,0.80692,1.22,1.64
2012.09.18 12:19:49.861,0.8066,0.80689,1.13,1.26
2012.09.18 12:19:50.160,0.80656,0.80684,1.60,1.04
2012.09.18 12:19:50.879,0.80657,0.80683,1.22,1.35
2012.09.18 12:19:52.701,0.80655,0.80684,1.60,1.26
2012.09.18 12:19:52.951,0.80655,0.80685,1.07,1.04
2012.09.18 12:19:53.262,0.80655,0.80685,1.60,1.26
2012.09.18 12:19:53.331,0.80657,0.80687,1.22,1.26
2012.09.18 12:19:55.374,0.80654,0.80687,1.07,1.64
2012.09.18 12:19:55.502,0.80653,0.80683,1.22,1.26
2012.09.18 12:19:57.091,0.80655,0.80683,1.22,1.26
2012.09.18 12:19:57.385,0.80657,0.80685,1.22,1.13
2012.09.18 12:19:58.671,0.8066,0.80688,1.22,2.01
2012.09.18 12:19:58.860,0.8066,0.80688,1.45,1.41
2012.09.18 12:19:59.372,0.80662,0.80688,1.22,1.13
2012.09.18 12:19:59.574,0.80665,0.80694,1.22,1.73
2012.09.18 12:19:59.641,0.8066,0.8069,1.07,1.13
2012.09.18 12:19:59.832,0.80657,0.80687,1.22,1.35
2012.09.18 12:20:00.252,0.80651,0.80684,1.22,1.41
2012.09.18 12:20:00.380,0.80651,0.80684,1.22,1.41
2012.09.18 12:20:00.451,0.80651,0.80682,1.22,1.04
2012.09.18 12:20:00.832,0.8066,0.8069,1.22,1.64
2012.09.18 12:20:00.913,0.8066,0.8069,1.45,1.41
2012.09.18 12:20:01.133,0.80662,0.8069,1.22,1.13
2012.09.18 12:20:01.471,0.80665,0.80693,1.45,1.79
2012.09.18 12:20:01.881,0.80661,0.80691,1.45,1.13
2012.09.18 12:20:01.951,0.80661,0.80691,1.22,1.41
2012.09.18 12:20:02.283,0.8066,0.80689,1.22,2.01
2012.09.18 12:20:05.204,0.80664,0.80692,1.22,1.26
2012.09.18 12:20:05.723,0.80664,0.80693,1.22,1.26
2012.09.18 12:20:06.901,0.80664,0.80694,1.22,1.64
2012.09.18 12:20:08.252,0.80665,0.80693,1.22,1.13
2012.09.18 12:20:08.320,0.80663,0.80693,1.22,1.64
2012.09.18 12:20:10.463,0.80664,0.80693,1.22,1.64
2012.09.18 12:20:11.562,0.80664,0.80693,1.22,1.64
2012.09.18 12:20:12.902,0.80664,0.80693,1.22,1.64
2012.09.18 12:20:13.571,0.80664,0.80693,1.22,1.26
2012.09.18 12:20:13.703,0.80665,0.807,1.13,1.86
2012.09.18 12:20:13.853,0.80671,0.807,1.22,1.64
2012.09.18 12:20:15.963,0.80666,0.80698,2.05,1.04
2012.09.18 12:20:16.296,0.80666,0.80694,1.22,1.41
2012.09.18 12:20:16.553,0.80662,0.8069,1.22,1.04
2012.09.18 12:20:16.911,0.80663,0.80697,1.07,1.64
2012.09.18 12:20:17.268,0.80668,0.80698,1.22,1.64
2012.09.18 12:20:17.340,0.8067,0.80698,1.22,1.64
2012.09.18 12:20:17.858,0.8067,0.80702,1.22,1.26
2012.09.18 12:20:18.051,0.80672,0.80702,1.22,1.04
2012.09.18 12:20:18.182,0.80668,0.80699,1.07,1.35
2012.09.18 12:20:18.331,0.80666,0.80694,1.22,1.26
2012.09.18 12:20:18.461,0.80661,0.80693,2.57,1.26
2012.09.18 12:20:18.530,0.80661,0.8069,1.82,1.13
2012.09.18 12:20:19.123,0.8066,0.80689,1.22,1.26
2012.09.18 12:20:20.232,0.8066,0.80689,1.22,1.64
2012.09.18 12:20:20.781,0.8066,0.80689,1.22,1.64
2012.09.18 12:20:22.161,0.8066,0.80689,1.22,1.26
2012.09.18 12:20:22.331,0.8066,0.80693,1.22,1.64
2012.09.18 12:20:22.521,0.80664,0.80693,1.22,1.64
2012.09.18 12:20:23.031,0.80664,0.80694,1.22,1.64
2012.09.18 12:20:24.217,0.80661,0.80693,1.45,1.26
2012.09.18 12:20:24.414,0.80661,0.8069,1.45,1.04
2012.09.18 12:20:26.855,0.80662,0.8069,1.45,1.13
2012.09.18 12:20:26.990,0.80661,0.80689,1.45,1.04
2012.09.18 12:20:27.528,0.80661,0.80689,1.22,1.26
2012.09.18 12:20:29.893,0.80661,0.80694,1.22,2.39
2012.09.18 12:20:30.081,0.80663,0.80694,1.22,1.64
2012.09.18 12:20:35.442,0.80657,0.80687,1.07,1.35
2012.09.18 12:20:35.770,0.80657,0.80684,1.22,1.04
2012.09.18 12:20:35.840,0.80657,0.80687,1.22,1.26
2012.09.18 12:20:35.910,0.80657,0.80687,1.22,1.49
2012.09.18 12:20:35.980,0.80652,0.80684,1.60,1.26
2012.09.18 12:20:36.051,0.80651,0.80678,1.22,1.35
2012.09.18 12:20:58.381,0.8065,0.80683,1.22,1.26
2012.09.18 12:20:58.571,0.80655,0.80689,1.35,1.41
2012.09.18 12:20:58.640,0.8066,0.80689,1.22,1.41
2012.09.18 12:21:00.552,0.80661,0.80689,1.22,1.41
2012.09.18 12:21:03.084,0.80662,0.8069,1.22,1.04
2012.09.18 12:21:03.211,0.80664,0.80693,1.45,1.04
2012.09.18 12:21:03.281,0.80664,0.80694,1.45,1.41
2012.09.18 12:21:10.453,0.80664,0.80694,1.45,1.41
2012.09.18 12:21:17.402,0.80664,0.80692,1.45,1.04
2012.09.18 12:21:17.662,0.80661,0.80688,1.22,1.04
2012.09.18 12:21:18.193,0.80661,0.80692,1.22,1.26
2012.09.18 12:21:18.320,0.80663,0.80692,1.22,1.26
2012.09.18 12:21:19.652,0.80663,0.80685,1.30,1.13
2012.09.18 12:21:19.841,0.80651,0.8068,1.22,1.26
2012.09.18 12:21:20.133,0.80648,0.80678,1.82,1.04
2012.09.18 12:21:20.322,0.8064,0.80669,1.22,1.04
2012.09.18 12:21:22.401,0.80636,0.80669,2.05,1.41
2012.09.18 12:21:22.532,0.80636,0.80667,1.82,1.26
2012.09.18 12:21:26.172,0.80633,0.80664,1.07,1.35
2012.09.18 12:21:26.299,0.80633,0.80663,1.07,1.04
2012.09.18 12:21:27.284,0.80631,0.80664,1.60,1.58
2012.09.18 12:21:27.470,0.80639,0.80667,1.22,2.33
2012.09.18 12:21:27.732,0.80637,0.80669,1.45,1.04
2012.09.18 12:21:28.253,0.80636,0.80667,1.22,1.26
2012.09.18 12:21:31.430,0.80636,0.80668,1.45,1.41
2012.09.18 12:21:31.751,0.80636,0.80668,1.22,1.35
2012.09.18 12:21:31.822,0.80636,0.80666,1.22,1.04
2012.09.18 12:21:37.155,0.80636,0.80668,1.22,1.49
2012.09.18 12:21:37.340,0.80651,0.80679,1.22,1.04
2012.09.18 12:21:37.812,0.80649,0.80681,1.07,1.26
2012.09.18 12:21:38.080,0.80647,0.80678,1.22,1.26
2012.09.18 12:21:38.749,0.80647,0.80678,1.22,1.26
2012.09.18 12:21:43.362,0.80642,0.80673,1.45,1.04
2012.09.18 12:21:43.701,0.80642,0.80672,1.22,1.26
2012.09.18 12:21:47.165,0.80642,0.80673,1.22,1.26
2012.09.18 12:21:47.652,0.80643,0.80676,1.07,1.04
2012.09.18 12:21:47.743,0.80643,0.80673,1.07,1.04
2012.09.18 12:21:49.284,0.80642,0.80673,1.22,1.26
2012.09.18 12:21:49.407,0.80646,0.80673,1.22,1.26
2012.09.18 12:21:49.755,0.80646,0.80673,1.22,1.04
2012.09.18 12:21:50.444,0.80647,0.80675,1.22,1.04
2012.09.18 12:21:51.126,0.80647,0.80679,1.22,1.86
2012.09.18 12:21:51.440,0.80646,0.80679,1.97,1.26
2012.09.18 12:21:51.510,0.80646,0.80675,1.97,1.04
2012.09.18 12:21:51.922,0.80646,0.80678,1.97,1.26
2012.09.18 12:21:51.990,0.80651,0.80678,1.22,1.26
2012.09.18 12:21:52.181,0.80648,0.80678,1.07,1.04
2012.09.18 12:21:52.311,0.80646,0.80676,1.97,1.04
2012.09.18 12:21:52.380,0.80646,0.80676,1.22,1.04
2012.09.18 12:21:52.513,0.80644,0.80674,1.07,1.04
2012.09.18 12:21:52.641,0.80642,0.80672,1.97,1.26
2012.09.18 12:21:53.022,0.80642,0.80672,1.22,1.26
2012.09.18 12:21:56.031,0.80642,0.80672,1.97,1.26
2012.09.18 12:21:56.221,0.8065,0.80679,1.22,1.04
2012.09.18 12:21:57.882,0.80651,0.80683,1.22,1.26
2012.09.18 12:21:58.201,0.80647,0.80679,1.07,1.04
2012.09.18 12:21:58.272,0.80646,0.80678,1.22,1.35
2012.09.18 12:21:58.341,0.80645,0.80676,1.22,1.26
2012.09.18 12:21:59.924,0.80645,0.80674,1.22,1.26
2012.09.18 12:22:01.171,0.80643,0.80674,1.45,1.04
2012.09.18 12:22:01.421,0.80641,0.80674,1.60,1.26
2012.09.18 12:22:09.160,0.80643,0.80673,1.22,1.26
2012.09.18 12:22:09.292,0.80646,0.80676,1.22,1.04
2012.09.18 12:22:10.575,0.80646,0.80677,1.22,1.26
2012.09.18 12:22:20.500,0.80646,0.80677,1.22,1.26
2012.09.18 12:22:23.981,0.80646,0.80679,1.22,1.26
2012.09.18 12:22:27.119,0.80649,0.80679,1.22,1.04
2012.09.18 12:22:27.460,0.80647,0.80675,1.07,1.35
2012.09.18 12:22:27.951,0.80645,0.80673,1.22,1.41
2012.09.18 12:22:28.586,0.80645,0.80673,1.22,1.04
2012.09.18 12:22:29.461,0.80649,0.80677,1.22,1.64
2012.09.18 12:22:29.577,0.80649,0.80678,1.22,1.64
2012.09.18 12:22:29.651,0.80646,0.80677,1.45,1.41
2012.09.18 12:22:29.802,0.80645,0.80675,1.60,1.04
2012.09.18 12:22:29.872,0.80645,0.80678,1.60,1.64
2012.09.18 12:22:30.434,0.80648,0.80678,1.45,1.04
2012.09.18 12:22:31.165,0.80649,0.80678,1.45,1.04
2012.09.18 12:22:33.383,0.80646,0.80677,1.82,1.04
2012.09.18 12:22:33.571,0.80646,0.80675,1.60,1.04
2012.09.18 12:22:37.455,0.80647,0.80679,1.22,1.64
2012.09.18 12:22:37.521,0.80651,0.8068,1.22,1.26
2012.09.18 12:22:37.840,0.80647,0.80678,1.22,1.26
2012.09.18 12:22:38.353,0.80647,0.80679,1.22,1.26
2012.09.18 12:22:38.691,0.80645,0.80677,1.07,1.64
2012.09.18 12:22:38.822,0.80644,0.80673,1.22,1.26
2012.09.18 12:22:38.890,0.80646,0.80673,1.13,1.26
2012.09.18 12:22:39.074,0.80647,0.80676,1.22,1.04
2012.09.18 12:22:39.143,0.80644,0.80676,1.45,1.04
2012.09.18 12:22:39.271,0.80644,0.80675,1.45,1.04
2012.09.18 12:22:40.124,0.80642,0.80675,1.60,1.64
2012.09.18 12:22:40.203,0.80645,0.80675,1.22,1.64
2012.09.18 12:22:40.412,0.80645,0.80675,1.45,1.41
2012.09.18 12:22:40.601,0.80646,0.80675,1.22,1.13
2012.09.18 12:22:41.103,0.80646,0.80675,1.60,1.04
2012.09.18 12:22:41.661,0.80646,0.80675,1.60,1.04
2012.09.18 12:22:43.071,0.80646,0.80676,1.22,1.35
2012.09.18 12:22:43.158,0.80649,0.80679,1.45,1.04
2012.09.18 12:22:43.971,0.80647,0.80678,1.45,1.13
2012.09.18 12:22:44.513,0.80647,0.80676,1.22,1.26
2012.09.18 12:22:45.132,0.80649,0.80679,1.22,1.26
2012.09.18 12:22:45.332,0.80649,0.80679,1.45,1.04
2012.09.18 12:22:46.874,0.80648,0.80679,1.07,1.04
2012.09.18 12:22:47.542,0.80646,0.80676,1.22,1.26
2012.09.18 12:22:49.742,0.80646,0.80678,1.22,1.26
2012.09.18 12:23:00.412,0.80646,0.80676,1.22,1.26
2012.09.18 12:23:07.233,0.80646,0.80675,1.22,1.41
2012.09.18 12:23:26.102,0.80646,0.80675,1.60,1.04
2012.09.18 12:23:26.171,0.80646,0.80678,1.60,1.35
2012.09.18 12:23:26.242,0.80651,0.80679,1.22,1.35
2012.09.18 12:23:26.340,0.80651,0.80679,1.22,1.13
2012.09.18 12:23:28.065,0.80651,0.8068,1.22,1.04
2012.09.18 12:23:28.263,0.8065,0.80679,1.13,1.04
2012.09.18 12:23:30.592,0.80648,0.80679,1.60,1.26
2012.09.18 12:23:32.050,0.80648,0.80678,1.22,1.26
2012.09.18 12:23:32.383,0.80647,0.80676,1.22,1.13
2012.09.18 12:23:33.974,0.80646,0.80675,1.22,1.26
2012.09.18 12:23:36.661,0.80645,0.80673,1.22,1.04
2012.09.18 12:23:37.525,0.80636,0.80666,1.82,1.04
2012.09.18 12:23:37.673,0.80636,0.80665,1.82,1.04
2012.09.18 12:23:37.851,0.80636,0.80667,1.60,1.64
2012.09.18 12:23:38.042,0.8064,0.80669,1.22,2.01
2012.09.18 12:23:38.200,0.80637,0.80667,1.22,1.41
2012.09.18 12:23:38.272,0.80636,0.80665,1.60,1.26
2012.09.18 12:23:38.420,0.80639,0.80669,1.22,2.01
2012.09.18 12:23:38.611,0.80639,0.80669,1.22,1.26
2012.09.18 12:23:40.464,0.80638,0.80669,1.60,1.26
2012.09.18 12:23:41.354,0.80637,0.80667,1.82,1.04
2012.09.18 12:23:41.741,0.80636,0.80669,1.22,1.64
2012.09.18 12:23:41.812,0.80639,0.80669,1.22,1.64
2012.09.18 12:23:41.965,0.80636,0.80666,1.45,1.04
2012.09.18 12:23:42.032,0.80636,0.80664,1.22,1.26
2012.09.18 12:23:42.160,0.80637,0.80668,1.22,1.26
2012.09.18 12:23:42.471,0.80647,0.80679,1.13,2.01
2012.09.18 12:23:42.600,0.80648,0.80679,1.22,2.01
2012.09.18 12:23:42.731,0.80649,0.80684,1.13,1.64
2012.09.18 12:23:42.800,0.80653,0.80684,1.22,1.64
2012.09.18 12:23:42.892,0.80649,0.8068,1.07,1.04
2012.09.18 12:23:42.973,0.80647,0.80675,1.35,1.04
2012.09.18 12:23:43.352,0.80646,0.80675,1.60,1.26
2012.09.18 12:23:43.481,0.80642,0.80675,1.60,1.26
2012.09.18 12:23:43.551,0.80642,0.80671,1.22,1.64
2012.09.18 12:23:46.852,0.80637,0.8067,1.45,1.35
2012.09.18 12:23:47.101,0.80631,0.80661,1.60,1.26
2012.09.18 12:23:52.113,0.80633,0.80664,1.22,1.26
2012.09.18 12:23:52.392,0.80648,0.80679,1.22,2.01
2012.09.18 12:23:52.461,0.80646,0.80677,1.45,1.13
2012.09.18 12:23:53.004,0.80646,0.80675,1.22,1.26
2012.09.18 12:24:00.461,0.80645,0.80674,1.22,1.26
2012.09.18 12:24:02.133,0.80642,0.80674,1.22,1.26
2012.09.18 12:24:02.334,0.80642,0.8067,1.22,1.35
2012.09.18 12:24:21.324,0.80641,0.8067,1.22,1.26
2012.09.18 12:24:22.345,0.80644,0.80673,1.22,1.04
2012.09.18 12:24:23.102,0.80644,0.80674,1.22,2.01
2012.09.18 12:24:27.470,0.80642,0.80672,1.22,1.13
2012.09.18 12:24:27.541,0.80642,0.8067,1.22,1.41
2012.09.18 12:24:27.843,0.80642,0.80672,1.22,1.26
2012.09.18 12:24:29.080,0.80644,0.80672,1.22,1.04
2012.09.18 12:24:29.592,0.80644,0.80673,1.22,1.64
2012.09.18 12:24:31.702,0.80641,0.80672,1.45,1.13
2012.09.18 12:24:32.132,0.80643,0.80673,1.22,1.26
2012.09.18 12:24:32.421,0.80645,0.80673,1.22,1.04
2012.09.18 12:24:35.980,0.80645,0.80674,1.22,2.01
2012.09.18 12:24:37.852,0.80641,0.80672,1.45,1.13
2012.09.18 12:24:38.082,0.80641,0.80672,1.45,1.41
2012.09.18 12:24:38.212,0.80642,0.80674,1.22,2.01
2012.09.18 12:24:38.350,0.80644,0.80674,1.22,2.01
2012.09.18 12:24:40.753,0.80641,0.80672,1.22,1.64
2012.09.18 12:24:41.432,0.8064,0.80669,1.22,1.26
2012.09.18 12:24:44.382,0.8064,0.80673,1.60,1.49
2012.09.18 12:24:44.571,0.80643,0.80674,1.22,2.01
2012.09.18 12:24:46.494,0.80644,0.80674,1.22,2.01
2012.09.18 12:24:50.863,0.80646,0.80674,1.22,1.73
2012.09.18 12:24:50.931,0.80647,0.80675,1.22,1.26
2012.09.18 12:24:51.063,0.80647,0.80678,1.22,1.26
2012.09.18 12:24:51.191,0.80649,0.80678,1.22,1.26
2012.09.18 12:24:51.384,0.80651,0.80682,1.45,1.26
2012.09.18 12:24:51.606,0.80651,0.80682,1.45,1.26
2012.09.18 12:24:51.683,0.80656,0.80683,1.22,1.04
2012.09.18 12:24:51.832,0.80656,0.80686,1.22,1.04
2012.09.18 12:25:00.553,0.80657,0.80686,1.22,1.04
2012.09.18 12:25:04.851,0.80659,0.80688,1.22,1.26
2012.09.18 12:25:04.922,0.80662,0.8069,1.22,1.26
2012.09.18 12:25:05.172,0.80662,0.80692,1.45,1.04
2012.09.18 12:25:05.242,0.8066,0.80688,1.13,1.26
2012.09.18 12:25:05.455,0.80657,0.80689,1.22,1.26
2012.09.18 12:25:05.524,0.80663,0.80694,1.45,2.01
2012.09.18 12:25:05.664,0.80662,0.8069,1.45,1.04
2012.09.18 12:25:05.791,0.80661,0.80688,1.22,1.04
2012.09.18 12:25:07.643,0.80662,0.80693,1.22,1.26
2012.09.18 12:25:07.771,0.80664,0.80693,1.45,1.04
2012.09.18 12:25:10.162,0.80664,0.80694,1.22,1.26
2012.09.18 12:25:10.693,0.80664,0.80693,1.45,1.04
2012.09.18 12:25:12.936,0.80661,0.80693,1.82,1.04
2012.09.18 12:25:13.261,0.80659,0.80689,1.22,1.64
2012.09.18 12:25:14.175,0.80658,0.80689,1.22,1.64
2012.09.18 12:25:14.873,0.80659,0.80687,1.22,1.11
2012.09.18 12:25:15.125,0.80656,0.80686,2.20,1.04
2012.09.18 12:25:15.191,0.80656,0.80684,1.35,1.04
2012.09.18 12:25:15.462,0.80656,0.80687,1.13,1.11
2012.09.18 12:25:16.064,0.80658,0.80687,1.22,1.11
2012.09.18 12:25:29.812,0.80657,0.80687,1.22,1.49
2012.09.18 12:25:30.379,0.80658,0.80687,1.22,1.49
2012.09.18 12:25:33.693,0.80656,0.80685,1.45,1.41
2012.09.18 12:25:33.821,0.80655,0.80684,1.45,1.41
2012.09.18 12:25:34.280,0.80652,0.80682,1.22,1.26
2012.09.18 12:25:34.711,0.80655,0.80683,1.22,1.35
2012.09.18 12:25:36.883,0.80655,0.80684,1.45,1.04
2012.09.18 12:25:36.951,0.80655,0.80682,1.45,1.50
2012.09.18 12:25:37.555,0.80655,0.80684,1.45,1.04
2012.09.18 12:25:40.604,0.80655,0.80684,1.45,1.41
2012.09.18 12:25:50.761,0.80656,0.80684,1.22,1.04
2012.09.18 12:26:00.414,0.80656,0.80685,1.22,1.04
2012.09.18 12:26:03.804,0.80656,0.80686,1.22,1.13
2012.09.18 12:26:04.793,0.80656,0.80686,1.22,1.41
2012.09.18 12:26:05.202,0.80652,0.80686,1.07,1.41
2012.09.18 12:26:05.392,0.80652,0.80682,1.22,1.04
2012.09.18 12:26:07.185,0.8065,0.80682,1.45,1.04
2012.09.18 12:26:07.252,0.8065,0.8068,1.45,1.04
2012.09.18 12:26:07.404,0.80651,0.8068,1.60,1.26
2012.09.18 12:26:07.471,0.80652,0.80681,1.22,1.26
2012.09.18 12:26:09.980,0.80652,0.80682,1.60,1.04
2012.09.18 12:26:10.800,0.80652,0.8068,1.22,1.04
2012.09.18 12:26:10.871,0.8065,0.80678,1.45,1.04
2012.09.18 12:26:11.473,0.80647,0.80676,1.22,1.04
2012.09.18 12:26:13.174,0.80647,0.80677,1.22,1.04
2012.09.18 12:26:13.773,0.80647,0.80676,1.22,1.04
2012.09.18 12:26:15.753,0.80646,0.80677,2.20,1.64
2012.09.18 12:26:16.122,0.80646,0.8068,2.20,1.35
2012.09.18 12:26:17.773,0.80647,0.80677,1.22,1.04
2012.09.18 12:26:17.901,0.80647,0.80677,1.22,1.04
2012.09.18 12:26:19.092,0.80646,0.80678,1.82,1.04
2012.09.18 12:26:22.634,0.80646,0.80677,1.82,1.04
2012.09.18 12:26:26.903,0.80646,0.80678,1.82,1.04
2012.09.18 12:26:30.442,0.80646,0.80677,2.20,1.04
2012.09.18 12:26:33.132,0.80646,0.80679,2.20,1.04
2012.09.18 12:26:40.386,0.80646,0.80679,2.20,1.04
2012.09.18 12:26:40.462,0.80646,0.80677,2.20,1.04
2012.09.18 12:26:40.977,0.80646,0.80678,2.20,1.04
2012.09.18 12:26:43.465,0.80647,0.80677,1.22,1.04
2012.09.18 12:26:44.015,0.80647,0.80677,1.22,1.04
2012.09.18 12:26:44.081,0.80647,0.80677,1.22,1.04
2012.09.18 12:26:45.763,0.80647,0.80678,1.22,1.04
2012.09.18 12:26:46.371,0.80647,0.80678,1.22,1.04
2012.09.18 12:26:49.063,0.80647,0.80679,1.22,1.04
2012.09.18 12:26:50.493,0.80647,0.80678,1.22,1.04
2012.09.18 12:26:51.375,0.80647,0.80677,1.22,1.04
2012.09.18 12:27:01.063,0.80647,0.80678,1.60,1.04
2012.09.18 12:27:06.222,0.80648,0.80678,1.45,1.04
2012.09.18 12:27:12.681,0.80648,0.80683,1.07,1.26
2012.09.18 12:27:13.222,0.80642,0.80677,1.07,2.39
2012.09.18 12:27:13.291,0.80642,0.80676,1.07,1.04
2012.09.18 12:27:13.447,0.80642,0.80674,1.60,1.41
2012.09.18 12:27:18.152,0.80645,0.80674,1.22,1.41
2012.09.18 12:27:18.342,0.80647,0.80676,1.22,1.13
2012.09.18 12:27:20.541,0.80647,0.80678,1.60,1.04
2012.09.18 12:27:22.613,0.80647,0.80675,1.22,1.04
2012.09.18 12:27:25.242,0.80643,0.80675,1.07,1.64
2012.09.18 12:27:26.319,0.80642,0.80674,1.60,1.26
2012.09.18 12:27:26.641,0.80641,0.80669,1.22,1.35
2012.09.18 12:27:26.712,0.80641,0.80669,1.22,1.35
2012.09.18 12:27:26.842,0.80641,0.80669,1.22,1.13
2012.09.18 12:27:29.164,0.80639,0.80671,1.07,1.64
2012.09.18 12:27:29.351,0.80637,0.80668,2.57,1.26
2012.09.18 12:27:31.355,0.8064,0.80668,1.22,1.26
2012.09.18 12:27:31.630,0.80642,0.80668,1.22,1.04
2012.09.18 12:27:31.863,0.80638,0.80668,1.07,1.04
2012.09.18 12:27:31.963,0.80638,0.80667,1.07,1.04
2012.09.18 12:27:32.151,0.80641,0.80669,1.22,1.26
2012.09.18 12:27:32.295,0.80641,0.80669,1.22,1.04
2012.09.18 12:27:32.361,0.80638,0.80669,1.07,1.04
2012.09.18 12:27:32.897,0.80641,0.80668,1.22,1.26
2012.09.18 12:27:34.461,0.80642,0.80668,1.22,1.04
2012.09.18 12:27:40.545,0.80642,0.80669,1.22,1.04
2012.09.18 12:27:41.557,0.8064,0.80669,1.22,1.04
2012.09.18 12:27:41.801,0.80638,0.80668,1.45,1.04
2012.09.18 12:27:56.450,0.80642,0.80668,1.22,1.26
2012.09.18 12:27:56.701,0.80642,0.8067,1.22,1.26
2012.09.18 12:27:57.104,0.80639,0.8067,1.07,1.26
2012.09.18 12:27:57.291,0.80639,0.80669,1.07,1.04
2012.09.18 12:28:00.101,0.80637,0.80666,1.22,1.35
2012.09.18 12:28:00.171,0.80637,0.80666,1.22,1.35
2012.09.18 12:28:00.372,0.80637,0.80666,1.22,1.13
2012.09.18 12:28:00.442,0.80637,0.80668,1.22,2.61
2012.09.18 12:28:00.812,0.80636,0.80668,1.60,1.11
2012.09.18 12:28:00.997,0.80636,0.80668,1.60,1.11
2012.09.18 12:28:01.351,0.80631,0.80665,2.35,1.26
2012.09.18 12:28:01.661,0.80637,0.80668,1.22,2.24
2012.09.18 12:28:01.791,0.80631,0.80666,2.57,1.26
2012.09.18 12:28:02.076,0.80641,0.80669,1.22,1.64
2012.09.18 12:28:02.202,0.80641,0.80672,1.22,1.26
2012.09.18 12:28:12.191,0.80642,0.80675,1.22,1.26
2012.09.18 12:28:12.261,0.80644,0.80675,1.82,1.26
2012.09.18 12:28:12.392,0.80647,0.8068,1.45,1.04
2012.09.18 12:28:12.463,0.80646,0.80675,1.07,1.04
2012.09.18 12:28:12.603,0.8064,0.80673,1.22,1.64
2012.09.18 12:28:12.672,0.80642,0.80674,1.22,1.26
2012.09.18 12:28:12.869,0.80642,0.80674,1.45,1.04
2012.09.18 12:28:13.544,0.80642,0.80678,1.82,2.01
2012.09.18 12:28:15.083,0.80642,0.80678,1.82,2.01
2012.09.18 12:28:17.631,0.80644,0.80678,1.07,2.01
2012.09.18 12:28:19.546,0.80644,0.80678,1.07,2.01
2012.09.18 12:28:20.376,0.80644,0.80678,1.07,2.01
2012.09.18 12:28:23.120,0.80644,0.80678,1.07,1.64
2012.09.18 12:28:23.491,0.80647,0.80679,1.45,1.04
2012.09.18 12:28:30.273,0.80645,0.80677,1.07,1.26
2012.09.18 12:28:30.378,0.80644,0.80677,1.07,1.49
2012.09.18 12:28:30.452,0.80644,0.80674,1.07,1.04
2012.09.18 12:28:31.143,0.8064,0.80674,1.22,1.26
2012.09.18 12:28:32.573,0.80642,0.80677,1.97,1.11
2012.09.18 12:28:32.901,0.80645,0.80677,1.22,1.11
2012.09.18 12:28:33.463,0.80647,0.8068,1.45,1.64
2012.09.18 12:28:35.326,0.80646,0.80678,1.07,1.04
2012.09.18 12:28:35.860,0.80644,0.80678,1.22,1.64
2012.09.18 12:28:36.875,0.80643,0.80678,1.07,1.64
2012.09.18 12:28:37.121,0.80647,0.80681,1.82,1.26
2012.09.18 12:28:39.735,0.80647,0.80683,1.82,2.39
2012.09.18 12:28:40.292,0.80652,0.80682,1.45,1.04
2012.09.18 12:28:40.442,0.80652,0.80683,1.45,1.04
2012.09.18 12:28:46.602,0.80647,0.80681,1.82,1.04
2012.09.18 12:28:47.626,0.80647,0.80681,1.82,1.26
2012.09.18 12:28:48.032,0.80647,0.80678,1.07,1.04
2012.09.18 12:28:50.401,0.80644,0.80678,1.07,1.64
2012.09.18 12:28:50.532,0.80652,0.80684,1.45,1.26
2012.09.18 12:28:51.281,0.80648,0.80684,1.22,2.01
2012.09.18 12:28:53.201,0.80645,0.80679,1.07,1.13
2012.09.18 12:28:53.486,0.80645,0.80679,1.07,1.41
2012.09.18 12:28:53.565,0.80644,0.80679,1.07,1.64
2012.09.18 12:28:54.914,0.80644,0.80679,1.07,1.64
2012.09.18 12:28:55.284,0.80647,0.8068,1.97,1.11
2012.09.18 12:28:55.494,0.80649,0.8068,1.07,1.11
2012.09.18 12:28:58.141,0.80653,0.80685,1.22,1.64
2012.09.18 12:28:58.331,0.80657,0.80689,1.22,1.49
2012.09.18 12:28:58.483,0.80653,0.80689,1.82,1.64
2012.09.18 12:29:00.561,0.80653,0.80689,1.45,1.26
2012.09.18 12:29:04.042,0.8065,0.80685,1.07,1.26
2012.09.18 12:29:04.371,0.80649,0.80685,1.07,1.86
2012.09.18 12:29:04.474,0.80649,0.80685,1.07,1.86
2012.09.18 12:29:04.601,0.8065,0.80685,1.07,1.86
2012.09.18 12:29:05.798,0.8065,0.80685,1.07,1.26
2012.09.18 12:29:10.526,0.80653,0.80685,1.07,1.26
2012.09.18 12:29:11.121,0.80656,0.8069,1.07,1.26
2012.09.18 12:29:12.703,0.8065,0.80686,1.07,1.13
2012.09.18 12:29:13.634,0.80649,0.80686,1.07,2.24
2012.09.18 12:29:13.714,0.80647,0.80683,1.07,1.26
2012.09.18 12:29:13.935,0.80647,0.80683,1.07,1.26
2012.09.18 12:29:15.861,0.80649,0.80684,1.07,1.26
2012.09.18 12:29:15.930,0.8065,0.80684,1.07,1.04
2012.09.18 12:29:17.676,0.8065,0.80684,1.07,1.04
2012.09.18 12:29:17.824,0.80652,0.80686,1.07,1.86
2012.09.18 12:29:20.349,0.80652,0.80686,1.07,1.86
2012.09.18 12:29:24.481,0.80647,0.80678,1.07,1.50
2012.09.18 12:29:24.552,0.80641,0.80676,1.07,1.04
2012.09.18 12:29:24.621,0.8064,0.80676,1.07,1.26
2012.09.18 12:29:24.810,0.80641,0.80676,1.07,1.04
2012.09.18 12:29:25.082,0.80646,0.8068,1.07,1.04
2012.09.18 12:29:30.541,0.80647,0.80681,1.22,1.04
2012.09.18 12:29:32.001,0.80647,0.80681,1.22,1.04
2012.09.18 12:29:32.565,0.80647,0.80682,1.45,1.04
2012.09.18 12:29:32.713,0.80648,0.80686,1.22,1.04
2012.09.18 12:29:37.405,0.80649,0.80687,1.22,1.04
2012.09.18 12:29:37.763,0.80653,0.80689,1.22,1.04
2012.09.18 12:29:37.891,0.80653,0.80689,1.22,1.04
2012.09.18 12:29:39.165,0.80653,0.80687,1.22,1.04
2012.09.18 12:29:40.156,0.8065,0.80685,1.22,1.50
2012.09.18 12:29:40.293,0.80648,0.80685,1.22,2.16
2012.09.18 12:29:40.933,0.8065,0.80686,1.22,1.04
2012.09.18 12:29:46.314,0.8065,0.80688,1.22,1.04
2012.09.18 12:29:48.404,0.8065,0.80688,1.22,1.04
2012.09.18 12:29:48.672,0.80653,0.8069,1.22,1.04
2012.09.18 12:29:49.193,0.80658,0.80694,1.22,1.04
2012.09.18 12:29:49.565,0.80658,0.80694,1.22,1.04
2012.09.18 12:29:50.055,0.80658,0.80696,1.22,1.04
2012.09.18 12:29:50.612,0.80656,0.80704,1.60,1.04
2012.09.18 12:29:50.682,0.80652,0.80698,1.22,1.04
2012.09.18 12:29:50.752,0.80652,0.80698,1.22,1.04
2012.09.18 12:29:52.928,0.80652,0.80704,1.22,1.04
2012.09.18 12:29:53.240,0.80652,0.80704,1.22,1.04
2012.09.18 12:29:53.481,0.80645,0.80708,1.15,1.71
2012.09.18 12:30:00.461,0.80633,0.80708,1.07,1.64
2012.09.18 12:30:01.934,0.80633,0.80708,1.07,1.64
2012.09.18 12:30:03.452,0.80643,0.80682,1.22,1.79
2012.09.18 12:30:04.426,0.80646,0.80682,1.22,1.04
2012.09.18 12:30:04.702,0.80646,0.80682,1.22,1.04
2012.09.18 12:30:05.111,0.80646,0.80682,1.22,1.04
2012.09.18 12:30:05.241,0.80646,0.80683,1.22,1.04
2012.09.18 12:30:06.887,0.80647,0.80683,1.22,1.04
2012.09.18 12:30:07.447,0.80641,0.8068,1.22,1.50
2012.09.18 12:30:07.616,0.80641,0.80679,1.22,1.04
2012.09.18 12:30:07.752,0.80641,0.80679,1.22,1.04
2012.09.18 12:30:08.141,0.80644,0.80682,1.22,1.04
2012.09.18 12:30:08.321,0.80644,0.80682,1.22,1.04
2012.09.18 12:30:09.081,0.80644,0.80684,1.22,1.04
2012.09.18 12:30:09.612,0.80649,0.80683,1.07,1.04
2012.09.18 12:30:09.933,0.80649,0.80683,1.07,1.04
2012.09.18 12:30:10.522,0.80652,0.80688,1.45,1.26
2012.09.18 12:30:10.811,0.80652,0.80688,1.45,1.26
2012.09.18 12:30:12.151,0.80652,0.80688,1.45,1.26
2012.09.18 12:30:12.951,0.80652,0.80688,1.45,1.26
2012.09.18 12:30:14.103,0.80652,0.80688,1.45,1.91
2012.09.18 12:30:16.362,0.80653,0.80688,1.22,1.16
2012.09.18 12:30:17.081,0.80651,0.80688,1.22,1.53
2012.09.18 12:30:18.341,0.80649,0.80684,1.07,1.26
2012.09.18 12:30:20.283,0.80649,0.80687,1.45,1.26
2012.09.18 12:30:20.351,0.80651,0.80687,1.07,1.26
2012.09.18 12:30:20.531,0.80651,0.80687,1.07,1.26
2012.09.18 12:30:22.101,0.80657,0.80685,1.22,1.64
2012.09.18 12:30:31.602,0.80656,0.80688,1.22,1.26
2012.09.18 12:30:31.912,0.80659,0.80689,1.22,2.01
2012.09.18 12:30:32.375,0.80657,0.80687,1.45,1.41
2012.09.18 12:30:32.512,0.80657,0.80685,1.22,1.26
2012.09.18 12:30:33.655,0.80657,0.80688,1.22,1.64
2012.09.18 12:30:34.066,0.80661,0.80688,1.22,1.41
2012.09.18 12:30:34.635,0.80657,0.80687,1.22,1.04
2012.09.18 12:30:34.821,0.80657,0.80685,1.22,1.04
2012.09.18 12:30:40.884,0.80657,0.80683,1.22,1.35
2012.09.18 12:30:48.132,0.80657,0.80683,1.22,1.58
2012.09.18 12:30:48.444,0.80647,0.80677,1.22,1.64
2012.09.18 12:30:49.414,0.80647,0.80675,1.22,1.26
2012.09.18 12:30:49.604,0.80643,0.80675,1.07,1.26
2012.09.18 12:30:51.965,0.80641,0.80672,1.22,1.35
2012.09.18 12:30:53.293,0.80641,0.8067,1.22,1.13
2012.09.18 12:30:53.396,0.80641,0.8067,1.22,1.13
2012.09.18 12:30:53.723,0.80647,0.80674,1.22,1.26
2012.09.18 12:30:53.792,0.80647,0.80674,1.22,1.04
2012.09.18 12:30:54.371,0.80647,0.80675,1.22,1.04
2012.09.18 12:30:56.274,0.80647,0.80674,1.22,1.04
2012.09.18 12:30:58.128,0.80647,0.80677,1.22,1.26
2012.09.18 12:30:58.792,0.80647,0.80674,1.22,1.04
2012.09.18 12:31:00.429,0.80647,0.80675,1.22,1.04
2012.09.18 12:31:03.764,0.80647,0.80674,1.22,1.04
2012.09.18 12:31:04.694,0.80645,0.80673,1.22,1.26
2012.09.18 12:31:07.783,0.80645,0.80673,1.22,1.26
2012.09.18 12:31:08.031,0.80646,0.80674,1.22,1.26
2012.09.18 12:31:08.571,0.80646,0.80673,1.22,1.26
2012.09.18 12:31:10.423,0.80645,0.80673,1.22,1.26
2012.09.18 12:31:13.213,0.80647,0.80674,1.22,1.26
2012.09.18 12:31:15.791,0.80647,0.80675,1.22,1.04
2012.09.18 12:31:16.364,0.80646,0.80674,1.22,1.26
2012.09.18 12:31:19.365,0.80647,0.80676,2.72,1.26
2012.09.18 12:31:19.612,0.80656,0.80685,1.60,1.13
2012.09.18 12:31:19.682,0.80661,0.80688,1.22,1.35
2012.09.18 12:31:19.935,0.80662,0.80689,1.13,1.04
2012.09.18 12:31:20.001,0.80662,0.80691,1.60,1.26
2012.09.18 12:31:20.071,0.80665,0.80693,1.22,1.26
2012.09.18 12:31:20.384,0.80667,0.80695,1.60,1.04
2012.09.18 12:31:20.454,0.8067,0.80699,1.22,1.26
2012.09.18 12:31:20.602,0.8067,0.80699,1.22,1.04
2012.09.18 12:31:20.671,0.80668,0.80699,1.07,1.04
2012.09.18 12:31:21.483,0.80666,0.80698,1.60,1.26
2012.09.18 12:31:22.772,0.80666,0.80694,1.22,1.04
2012.09.18 12:31:23.892,0.80666,0.80694,1.22,1.13
2012.09.18 12:31:30.474,0.80666,0.80696,1.60,1.04
2012.09.18 12:31:30.802,0.80664,0.80694,1.07,1.04
2012.09.18 12:31:31.905,0.80662,0.80693,1.97,1.26
2012.09.18 12:31:34.872,0.80662,0.80694,1.97,1.26
2012.09.18 12:31:37.332,0.80662,0.80695,1.97,1.26
2012.09.18 12:31:37.691,0.80668,0.80698,1.45,1.04
2012.09.18 12:31:37.761,0.80671,0.80699,1.45,1.50
2012.09.18 12:31:37.833,0.80671,0.807,1.45,1.13
2012.09.18 12:31:37.902,0.80671,0.80702,1.45,1.35
2012.09.18 12:31:38.212,0.80676,0.80708,1.07,1.64
2012.09.18 12:31:38.342,0.80671,0.80702,1.22,1.13
2012.09.18 12:31:39.824,0.80671,0.80703,1.97,1.26
2012.09.18 12:31:41.135,0.80676,0.80705,1.22,1.26
2012.09.18 12:31:41.302,0.80676,0.80708,1.60,1.64
2012.09.18 12:31:41.671,0.8068,0.8071,1.22,2.24
2012.09.18 12:31:41.862,0.80686,0.80714,1.22,1.13
2012.09.18 12:31:41.932,0.80682,0.80714,1.45,1.73
2012.09.18 12:31:42.063,0.80682,0.80713,1.22,1.26
2012.09.18 12:31:42.131,0.80685,0.80713,1.22,1.26
2012.09.18 12:31:42.351,0.80687,0.80714,1.22,2.01
2012.09.18 12:31:42.513,0.8069,0.80718,1.22,1.73
2012.09.18 12:31:42.895,0.8069,0.80719,1.22,1.79
2012.09.18 12:31:43.032,0.80697,0.80723,1.22,1.35
2012.09.18 12:31:43.101,0.80692,0.80722,1.45,1.13
2012.09.18 12:31:43.271,0.80692,0.80722,1.45,1.13
2012.09.18 12:31:43.444,0.80694,0.80723,1.22,1.35
2012.09.18 12:31:45.534,0.80697,0.80724,1.22,1.13
2012.09.18 12:31:50.192,0.80692,0.80724,1.07,1.35
2012.09.18 12:31:50.323,0.80691,0.80722,1.22,1.35
2012.09.18 12:31:50.506,0.80691,0.80722,1.22,1.35
2012.09.18 12:31:54.014,0.80691,0.80719,1.22,1.41
2012.09.18 12:31:54.114,0.80686,0.80719,1.45,1.41
2012.09.18 12:31:54.381,0.80686,0.80714,1.22,1.35
2012.09.18 12:31:54.511,0.80686,0.80714,1.22,1.35
2012.09.18 12:31:55.113,0.80686,0.80714,1.22,1.64
2012.09.18 12:31:55.471,0.80686,0.80714,1.22,2.01
2012.09.18 12:31:56.536,0.80684,0.80711,1.22,1.50
2012.09.18 12:31:58.221,0.80685,0.80713,1.22,1.26
2012.09.18 12:32:00.452,0.80682,0.80711,1.22,1.13
2012.09.18 12:32:00.524,0.80681,0.80708,1.22,1.35
2012.09.18 12:32:00.682,0.80676,0.80708,1.22,1.64
2012.09.18 12:32:00.992,0.80676,0.80704,1.22,1.95
2012.09.18 12:32:03.151,0.80676,0.80704,1.22,1.95
2012.09.18 12:32:03.512,0.80676,0.80707,1.22,1.35
2012.09.18 12:32:05.053,0.80676,0.80704,1.22,1.64
2012.09.18 12:32:08.272,0.80676,0.80704,1.22,1.35
2012.09.18 12:32:08.343,0.80673,0.80704,1.22,1.64
2012.09.18 12:32:08.473,0.80671,0.80702,1.60,1.26
2012.09.18 12:32:08.783,0.80671,0.80703,1.82,1.13
2012.09.18 12:32:08.912,0.80671,0.80703,1.82,1.13
2012.09.18 12:32:08.983,0.80675,0.80704,1.22,1.41
2012.09.18 12:32:09.997,0.80675,0.80704,1.22,1.64
2012.09.18 12:32:11.635,0.80672,0.80703,1.22,1.35
2012.09.18 12:32:12.138,0.80676,0.80703,1.22,2.01
2012.09.18 12:32:12.392,0.80677,0.80703,1.22,1.35
2012.09.18 12:32:14.153,0.80675,0.80703,1.22,1.64
2012.09.18 12:32:14.864,0.80672,0.80702,1.22,1.35
2012.09.18 12:32:15.052,0.80672,0.80701,1.22,1.04
2012.09.18 12:32:15.894,0.80672,0.80701,1.22,2.01
2012.09.18 12:32:16.302,0.80675,0.80702,1.22,1.04
2012.09.18 12:32:16.577,0.80671,0.807,1.22,1.41
2012.09.18 12:32:17.445,0.80671,0.80699,1.22,1.58
2012.09.18 12:32:17.513,0.80666,0.80697,1.45,1.13
2012.09.18 12:32:17.582,0.80666,0.80697,1.45,1.13
2012.09.18 12:32:17.654,0.80669,0.80699,1.22,2.61
2012.09.18 12:32:17.843,0.80671,0.80699,1.22,2.01
2012.09.18 12:32:17.914,0.80663,0.80695,1.07,1.04
2012.09.18 12:32:18.312,0.80667,0.80696,1.22,1.86
2012.09.18 12:32:18.441,0.80662,0.80695,1.60,1.26
2012.09.18 12:32:21.145,0.80665,0.80695,1.22,1.26
2012.09.18 12:32:21.332,0.80667,0.80696,1.22,2.24
2012.09.18 12:32:27.822,0.80667,0.80698,1.22,1.26
2012.09.18 12:32:28.247,0.80667,0.80701,1.97,1.26
2012.09.18 12:32:28.324,0.80675,0.80702,1.22,1.11
2012.09.18 12:32:31.813,0.80672,0.80701,1.60,1.04
2012.09.18 12:32:32.102,0.80672,0.80699,1.60,1.26
2012.09.18 12:32:32.232,0.80673,0.80702,1.22,1.11
2012.09.18 12:32:32.422,0.80671,0.807,1.82,1.04
2012.09.18 12:32:35.972,0.80667,0.80698,1.22,1.50
2012.09.18 12:32:36.101,0.80667,0.80696,1.22,1.26
2012.09.18 12:32:40.443,0.80667,0.80693,1.22,1.35
2012.09.18 12:32:41.624,0.80667,0.80693,1.22,1.35
2012.09.18 12:32:41.934,0.80661,0.8069,1.07,1.35
2012.09.18 12:32:42.122,0.80658,0.8069,1.22,1.35
2012.09.18 12:32:43.075,0.80656,0.8069,1.97,2.01
2012.09.18 12:32:50.481,0.80656,0.80689,1.97,1.26
2012.09.18 12:32:50.576,0.80656,0.8069,1.97,1.35
2012.09.18 12:32:50.792,0.80662,0.8069,1.22,1.35
2012.09.18 12:32:53.425,0.80662,0.8069,1.22,1.35
2012.09.18 12:33:00.476,0.80662,0.8069,1.22,1.35
2012.09.18 12:33:07.713,0.80662,0.80695,1.60,1.64
2012.09.18 12:33:09.735,0.80663,0.80695,1.22,1.35
2012.09.18 12:33:10.002,0.80667,0.80695,1.22,1.35
2012.09.18 12:33:10.221,0.8067,0.80698,1.22,1.64
2012.09.18 12:33:10.414,0.80672,0.80699,1.22,1.26
2012.09.18 12:33:12.792,0.80669,0.80698,1.60,1.64
2012.09.18 12:33:12.865,0.80667,0.80696,1.97,1.04
2012.09.18 12:33:13.053,0.80667,0.80693,1.22,1.26
2012.09.18 12:33:13.734,0.80667,0.80695,1.22,1.04
2012.09.18 12:33:16.982,0.80672,0.80699,1.22,1.64
2012.09.18 12:33:17.877,0.80667,0.80699,1.07,1.41
2012.09.18 12:33:17.953,0.80667,0.80695,1.07,1.04
2012.09.18 12:33:18.872,0.80668,0.80695,1.22,1.04
2012.09.18 12:33:19.002,0.80668,0.80698,1.22,2.01
2012.09.18 12:33:19.133,0.80666,0.80695,1.45,1.04
2012.09.18 12:33:19.607,0.80666,0.80694,1.22,1.50
2012.09.18 12:33:20.115,0.80664,0.80692,1.07,1.13
2012.09.18 12:33:20.189,0.80664,0.80692,1.07,1.13
2012.09.18 12:33:22.174,0.80665,0.80694,1.22,1.64
2012.09.18 12:33:22.303,0.80665,0.80694,1.22,1.64
2012.09.18 12:33:22.372,0.80666,0.80694,1.22,1.95
2012.09.18 12:33:22.702,0.80656,0.80688,1.82,1.04
2012.09.18 12:33:27.403,0.80656,0.80686,1.22,1.73
2012.09.18 12:33:28.383,0.80652,0.80686,1.07,1.73
2012.09.18 12:33:28.983,0.80651,0.80684,1.60,1.26
2012.09.18 12:33:31.422,0.80651,0.80685,1.60,1.35
2012.09.18 12:33:31.613,0.80651,0.80683,1.60,1.26
2012.09.18 12:33:31.683,0.80654,0.80683,1.22,1.26
2012.09.18 12:33:31.872,0.80657,0.80685,1.22,1.35
2012.09.18 12:33:31.942,0.80652,0.80683,1.22,1.26
2012.09.18 12:33:32.463,0.80652,0.80681,1.22,1.35
2012.09.18 12:33:33.112,0.80656,0.80683,1.22,2.01
2012.09.18 12:33:33.301,0.80657,0.80685,1.22,1.35
2012.09.18 12:33:33.502,0.80659,0.80686,1.22,1.04
2012.09.18 12:33:33.663,0.80657,0.80685,1.22,1.13
2012.09.18 12:33:34.382,0.80657,0.80685,1.22,1.35
2012.09.18 12:33:35.045,0.80657,0.80687,1.22,1.64
2012.09.18 12:33:35.183,0.8066,0.80689,1.22,1.26
2012.09.18 12:33:35.313,0.80667,0.80693,1.22,1.13
2012.09.18 12:33:35.965,0.80666,0.80693,1.22,1.73
2012.09.18 12:33:39.537,0.80666,0.80693,1.22,1.35
2012.09.18 12:33:40.083,0.80667,0.80696,1.22,1.73
2012.09.18 12:33:40.152,0.80668,0.80697,1.22,1.26
2012.09.18 12:33:40.283,0.80671,0.80698,1.22,1.35
2012.09.18 12:33:41.817,0.80669,0.80699,1.22,1.64
2012.09.18 12:33:41.953,0.80665,0.80694,1.22,1.26
2012.09.18 12:33:42.273,0.80662,0.80692,1.22,1.04
2012.09.18 12:33:42.583,0.80664,0.80693,1.22,1.41
2012.09.18 12:34:06.663,0.80662,0.80693,1.22,1.41
2012.09.18 12:34:06.733,0.80661,0.80688,1.45,1.13
2012.09.18 12:34:08.062,0.80657,0.80683,1.22,1.13
2012.09.18 12:34:08.372,0.80657,0.80683,1.22,1.73
2012.09.18 12:34:09.254,0.80657,0.80686,1.22,1.26
2012.09.18 12:34:09.973,0.80661,0.80689,1.22,2.39
2012.09.18 12:34:10.512,0.80661,0.80688,1.22,1.26
2012.09.18 12:34:12.253,0.80661,0.80689,1.22,2.01
2012.09.18 12:34:12.374,0.80661,0.80689,1.22,2.01
2012.09.18 12:34:15.634,0.80661,0.80689,1.22,1.64
2012.09.18 12:34:15.841,0.80657,0.80685,1.22,1.35
2012.09.18 12:34:20.484,0.80657,0.80685,1.22,1.35
2012.09.18 12:34:22.302,0.80657,0.80683,1.22,1.13
2012.09.18 12:34:22.613,0.80662,0.80687,1.22,1.13
2012.09.18 12:34:23.441,0.80656,0.80684,1.45,1.13
2012.09.18 12:34:30.587,0.80656,0.80684,1.82,1.13
2012.09.18 12:34:40.391,0.80656,0.80684,1.82,1.13
2012.09.18 12:34:43.577,0.80656,0.80684,1.82,1.13
2012.09.18 12:34:44.810,0.80656,0.80681,1.07,1.13
2012.09.18 12:34:45.121,0.80654,0.80681,1.82,1.13
2012.09.18 12:34:46.431,0.80654,0.80681,1.07,1.13
2012.09.18 12:34:46.652,0.80656,0.80684,1.22,1.35
2012.09.18 12:34:46.986,0.80656,0.80684,1.45,1.13
2012.09.18 12:34:50.493,0.80656,0.80684,1.45,1.13
2012.09.18 12:34:59.202,0.80654,0.80681,1.30,1.13
2012.09.18 12:34:59.333,0.80654,0.80681,1.30,1.13
2012.09.18 12:35:01.453,0.80654,0.80679,1.07,1.13
2012.09.18 12:35:05.036,0.80651,0.8068,1.45,1.13
2012.09.18 12:35:12.652,0.80654,0.8068,1.07,1.13
2012.09.18 12:35:12.781,0.80657,0.80686,1.45,1.13
2012.09.18 12:35:12.914,0.80654,0.80686,1.30,1.13
2012.09.18 12:35:12.992,0.80654,0.80686,1.30,1.41
2012.09.18 12:35:13.182,0.80651,0.80682,1.07,1.13
2012.09.18 12:35:13.313,0.80647,0.80681,1.45,1.64
2012.09.18 12:35:20.565,0.80647,0.80678,1.07,1.13
2012.09.18 12:35:27.643,0.80647,0.80678,1.07,1.13
2012.09.18 12:35:32.879,0.80651,0.8068,1.22,1.64
2012.09.18 12:35:33.073,0.80651,0.80684,1.60,1.64
2012.09.18 12:35:33.264,0.80656,0.80684,1.22,1.35
2012.09.18 12:35:33.393,0.80656,0.80688,1.82,1.26
2012.09.18 12:35:34.148,0.80656,0.8069,1.82,1.35
2012.09.18 12:35:34.223,0.80662,0.8069,1.22,1.35
2012.09.18 12:35:34.622,0.8066,0.80688,1.45,1.04
2012.09.18 12:35:34.694,0.80657,0.80687,1.45,1.13
2012.09.18 12:35:34.763,0.80657,0.80687,1.22,1.35
2012.09.18 12:35:35.303,0.80657,0.80687,1.45,1.13
2012.09.18 12:35:47.559,0.80657,0.80686,1.45,1.04
2012.09.18 12:35:47.633,0.80656,0.80686,1.07,1.04
2012.09.18 12:35:47.994,0.80652,0.80683,1.07,1.04
2012.09.18 12:35:48.698,0.80649,0.80682,1.82,1.26
2012.09.18 12:35:50.533,0.80649,0.80681,1.82,1.26
2012.09.18 12:35:50.804,0.80649,0.80678,1.07,1.04
2012.09.18 12:35:50.935,0.80647,0.80678,1.07,1.04
2012.09.18 12:35:51.062,0.80647,0.80676,1.07,1.04
2012.09.18 12:35:51.236,0.80645,0.80679,1.22,1.26
2012.09.18 12:35:51.432,0.80651,0.80681,1.45,1.13
2012.09.18 12:35:51.623,0.80651,0.80683,1.82,1.26
2012.09.18 12:35:51.963,0.80648,0.8068,1.07,1.13
2012.09.18 12:35:52.035,0.80647,0.80679,1.60,1.26
2012.09.18 12:35:52.218,0.80646,0.80679,1.45,1.26
2012.09.18 12:35:52.293,0.80646,0.80677,1.45,1.04
2012.09.18 12:35:52.424,0.80647,0.80677,1.60,1.26
2012.09.18 12:35:52.503,0.80647,0.80678,1.60,1.26
2012.09.18 12:35:53.242,0.80652,0.80678,1.22,1.41
2012.09.18 12:35:53.372,0.80653,0.8068,1.22,1.64
2012.09.18 12:35:54.482,0.80653,0.80683,1.22,1.41
2012.09.18 12:35:58.634,0.80651,0.80681,1.45,1.04
2012.09.18 12:35:58.904,0.80651,0.80681,1.97,1.26
2012.09.18 12:35:59.375,0.80653,0.80684,1.07,1.35
2012.09.18 12:35:59.643,0.80659,0.80687,1.22,1.04
2012.09.18 12:35:59.860,0.80656,0.80684,1.45,1.04
2012.09.18 12:35:59.934,0.80656,0.80684,1.45,1.04
2012.09.18 12:36:00.476,0.80654,0.80684,1.22,1.04
2012.09.18 12:36:03.235,0.80655,0.80684,1.22,1.04
2012.09.18 12:36:03.743,0.80651,0.80683,1.45,1.41
2012.09.18 12:36:03.813,0.80651,0.80679,1.45,1.04
2012.09.18 12:36:06.104,0.80649,0.80679,1.07,1.04
2012.09.18 12:36:06.234,0.80647,0.80678,1.82,1.04
2012.09.18 12:36:06.303,0.80647,0.80676,1.82,1.04
2012.09.18 12:36:08.865,0.80649,0.80679,1.22,1.64
2012.09.18 12:36:09.073,0.80651,0.80679,1.22,1.64
2012.09.18 12:36:10.574,0.80651,0.80679,1.22,2.01
2012.09.18 12:36:10.641,0.80651,0.80678,1.22,1.04
2012.09.18 12:36:10.712,0.80647,0.80678,1.45,1.04
2012.09.18 12:36:10.938,0.80646,0.80674,1.22,1.04
2012.09.18 12:36:12.713,0.80646,0.80674,1.22,1.04
2012.09.18 12:36:13.254,0.80646,0.80675,1.22,1.64
2012.09.18 12:36:13.568,0.80652,0.80678,1.22,1.73
2012.09.18 12:36:13.816,0.80652,0.80679,1.22,1.79
2012.09.18 12:36:13.893,0.80647,0.80679,1.82,1.79
2012.09.18 12:36:14.105,0.80647,0.80676,1.60,1.26
2012.09.18 12:36:14.584,0.80647,0.80675,1.60,1.04
2012.09.18 12:36:15.411,0.80647,0.80673,1.22,1.04
2012.09.18 12:36:15.867,0.80647,0.80674,1.22,1.04
2012.09.18 12:36:16.002,0.80647,0.80674,1.22,1.04
2012.09.18 12:36:17.472,0.80647,0.80674,1.22,1.04
2012.09.18 12:36:17.905,0.80652,0.80678,1.22,1.04
2012.09.18 12:36:24.299,0.80646,0.80678,1.45,1.04
2012.09.18 12:36:24.554,0.80646,0.80675,1.22,1.26
2012.09.18 12:36:24.905,0.80646,0.80674,1.22,1.04
2012.09.18 12:36:28.173,0.80646,0.80674,1.22,1.13
2012.09.18 12:36:28.367,0.80646,0.80674,1.22,1.50
2012.09.18 12:36:28.443,0.80642,0.80671,1.45,1.41
2012.09.18 12:36:28.595,0.80644,0.80672,1.22,1.49
2012.09.18 12:36:28.923,0.80639,0.80669,1.30,1.04
2012.09.18 12:36:29.296,0.80641,0.80671,1.22,1.64
2012.09.18 12:36:29.583,0.80641,0.80669,1.22,1.04
2012.09.18 12:36:29.675,0.80641,0.80668,1.22,1.26
2012.09.18 12:36:30.007,0.80642,0.80669,1.22,1.13
2012.09.18 12:36:30.374,0.80645,0.80674,1.22,2.24
2012.09.18 12:36:30.527,0.80646,0.80674,1.22,2.01
2012.09.18 12:36:34.193,0.80642,0.80673,1.45,1.04
2012.09.18 12:36:34.382,0.80642,0.80671,1.22,1.26
2012.09.18 12:36:34.933,0.80637,0.80669,1.45,1.04
2012.09.18 12:36:35.242,0.80632,0.80665,1.45,1.13
2012.09.18 12:36:35.372,0.8064,0.80667,1.22,1.26
2012.09.18 12:36:35.503,0.80642,0.80669,1.22,1.13
2012.09.18 12:36:35.702,0.80637,0.80669,1.45,1.41
2012.09.18 12:36:36.455,0.80642,0.80669,1.22,1.64
2012.09.18 12:36:36.523,0.80642,0.80669,1.22,1.41
2012.09.18 12:36:37.655,0.80642,0.80668,1.22,1.50
2012.09.18 12:36:37.974,0.80639,0.8067,1.07,1.26
2012.09.18 12:36:38.102,0.80637,0.80669,1.60,1.26
2012.09.18 12:36:38.232,0.80637,0.80671,1.60,1.64
2012.09.18 12:36:38.950,0.80638,0.8067,1.22,1.26
2012.09.18 12:36:39.023,0.80638,0.8067,1.22,1.26
2012.09.18 12:36:39.352,0.80637,0.8067,1.60,1.26
2012.09.18 12:36:39.422,0.80637,0.8067,1.60,1.26
2012.09.18 12:36:39.625,0.80637,0.80671,1.60,1.26
2012.09.18 12:36:40.306,0.80637,0.80667,1.60,1.26
2012.09.18 12:36:43.053,0.80637,0.80666,1.60,1.04
2012.09.18 12:36:47.104,0.80637,0.80667,1.60,1.26
2012.09.18 12:36:48.941,0.80639,0.80668,1.45,1.04
2012.09.18 12:36:49.979,0.80642,0.80671,1.22,1.04
2012.09.18 12:36:50.526,0.80642,0.8067,1.22,1.13
2012.09.18 12:36:53.578,0.80638,0.8067,1.07,1.13
2012.09.18 12:36:54.195,0.80636,0.80667,1.22,1.35
2012.09.18 12:36:55.583,0.80636,0.80664,1.22,1.13
2012.09.18 12:36:56.235,0.80636,0.80664,1.22,1.13
2012.09.18 12:37:00.326,0.80636,0.80668,1.60,2.01
2012.09.18 12:37:10.376,0.80636,0.80666,1.22,1.64
2012.09.18 12:37:13.566,0.80636,0.80664,1.22,1.04
2012.09.18 12:37:13.933,0.80632,0.80663,1.45,1.13
2012.09.18 12:37:14.105,0.80632,0.80662,1.45,1.04
2012.09.18 12:37:14.174,0.80628,0.80658,1.30,1.13
2012.09.18 12:37:14.243,0.80627,0.80658,1.45,1.13
2012.09.18 12:37:14.426,0.80627,0.80658,1.22,1.35
2012.09.18 12:37:14.492,0.80632,0.80658,1.22,1.35
2012.09.18 12:37:18.073,0.80632,0.8066,1.22,1.35
2012.09.18 12:37:19.973,0.80629,0.8066,1.07,1.35
2012.09.18 12:37:29.648,0.80632,0.80659,1.22,1.35
2012.09.18 12:37:29.853,0.80632,0.80659,1.22,1.13
2012.09.18 12:37:30.672,0.80632,0.80665,1.22,1.86
2012.09.18 12:37:31.404,0.8063,0.80664,1.07,1.35
2012.09.18 12:37:31.532,0.80628,0.80658,1.22,1.26
2012.09.18 12:37:31.862,0.80627,0.80658,1.22,1.26
2012.09.18 12:37:40.403,0.80621,0.80653,2.05,1.13
2012.09.18 12:37:40.534,0.80621,0.80653,1.22,1.64
2012.09.18 12:37:41.313,0.80621,0.80649,1.22,2.48
2012.09.18 12:37:41.409,0.80619,0.80648,1.22,1.04
2012.09.18 12:37:41.483,0.80616,0.80645,1.07,1.04
2012.09.18 12:37:41.625,0.80612,0.80644,1.97,1.26
2012.09.18 12:37:50.413,0.80612,0.80641,1.22,1.35
2012.09.18 12:37:56.582,0.80612,0.80642,1.22,1.35
2012.09.18 12:37:56.760,0.80616,0.80644,1.22,1.50
2012.09.18 12:37:56.833,0.80616,0.80646,1.22,1.35
2012.09.18 12:37:56.911,0.80622,0.80648,1.22,1.50
2012.09.18 12:37:57.161,0.80622,0.80651,1.22,1.26
2012.09.18 12:37:58.602,0.80625,0.80652,1.22,1.49
2012.09.18 12:37:58.879,0.80627,0.80653,1.22,1.13
2012.09.18 12:38:01.148,0.80622,0.80652,1.45,1.73
2012.09.18 12:38:01.318,0.80622,0.8065,1.22,1.26
2012.09.18 12:38:03.971,0.80622,0.80649,1.22,1.26
2012.09.18 12:38:10.432,0.80622,0.8065,1.22,1.64
2012.09.18 12:38:11.170,0.80627,0.80652,1.13,1.26
2012.09.18 12:38:11.300,0.80634,0.80662,1.22,1.04
2012.09.18 12:38:11.370,0.80634,0.8066,1.22,1.26
2012.09.18 12:38:11.561,0.80626,0.80654,1.22,1.64
2012.09.18 12:38:11.732,0.80626,0.80656,2.20,1.26
2012.09.18 12:38:11.811,0.8063,0.80663,1.22,2.01
2012.09.18 12:38:11.880,0.8063,0.80663,1.45,1.79
2012.09.18 12:38:11.950,0.80627,0.80653,1.07,1.04
2012.09.18 12:38:12.334,0.80621,0.80649,1.22,1.64
2012.09.18 12:38:15.050,0.80621,0.80649,1.22,1.35
2012.09.18 12:38:15.763,0.80621,0.80649,1.22,1.73
2012.09.18 12:38:16.690,0.80615,0.80647,1.67,1.13
2012.09.18 12:38:16.819,0.80611,0.8064,1.45,1.13
2012.09.18 12:38:17.080,0.80608,0.8064,1.45,1.13
2012.09.18 12:38:17.149,0.80608,0.8064,1.45,1.41
2012.09.18 12:38:17.300,0.80606,0.80636,1.82,1.13
2012.09.18 12:38:20.599,0.80606,0.80639,1.45,1.64
2012.09.18 12:38:23.341,0.80611,0.80639,1.22,1.26
2012.09.18 12:38:23.520,0.80612,0.8064,1.22,1.35
2012.09.18 12:38:25.783,0.80612,0.80641,1.22,1.13
2012.09.18 12:38:28.114,0.80614,0.80642,1.22,1.04
2012.09.18 12:38:28.311,0.80621,0.80649,1.22,1.41
2012.09.18 12:38:30.573,0.80621,0.80649,1.22,1.04
2012.09.18 12:38:32.719,0.80621,0.8065,1.22,1.04
2012.09.18 12:38:32.939,0.80621,0.8065,1.22,1.04
2012.09.18 12:38:33.441,0.80621,0.80651,1.22,1.04
2012.09.18 12:38:34.611,0.80619,0.8065,1.45,1.41
2012.09.18 12:38:34.678,0.80619,0.80646,1.45,1.04
2012.09.18 12:38:34.811,0.80613,0.80646,1.22,1.26
2012.09.18 12:38:35.709,0.80613,0.80647,1.22,1.35
2012.09.18 12:38:35.778,0.80617,0.80647,1.22,1.35
2012.09.18 12:38:36.480,0.80617,0.80646,1.22,1.26
2012.09.18 12:38:40.689,0.80617,0.80645,1.22,1.04
2012.09.18 12:38:40.821,0.80612,0.80645,1.60,1.26
2012.09.18 12:38:44.090,0.80612,0.80642,1.60,1.04
2012.09.18 12:38:46.361,0.80617,0.80644,1.22,1.35
2012.09.18 12:38:46.430,0.80617,0.80644,1.22,1.35
2012.09.18 12:38:46.813,0.80611,0.80644,1.60,1.26
2012.09.18 12:38:46.879,0.80611,0.80641,1.60,1.04
2012.09.18 12:38:47.099,0.80614,0.80644,1.22,1.26
2012.09.18 12:38:47.169,0.80616,0.80645,1.22,1.26
2012.09.18 12:38:48.384,0.80616,0.80645,1.22,1.04
2012.09.18 12:38:50.488,0.80616,0.80645,1.22,1.04
2012.09.18 12:38:55.582,0.80616,0.80644,1.22,1.13
2012.09.18 12:38:56.792,0.80616,0.80645,1.22,1.41
2012.09.18 12:38:58.576,0.80616,0.80644,1.22,1.50
2012.09.18 12:38:58.780,0.80611,0.80641,1.45,1.13
2012.09.18 12:39:00.478,0.80611,0.80641,1.60,1.04
2012.09.18 12:39:02.409,0.80611,0.80641,1.22,1.04
2012.09.18 12:39:02.520,0.80614,0.80641,1.22,1.04
2012.09.18 12:39:04.370,0.80613,0.80641,1.22,1.04
2012.09.18 12:39:10.488,0.80613,0.80643,1.22,1.04
2012.09.18 12:39:16.537,0.80614,0.80643,1.22,1.04
2012.09.18 12:39:18.572,0.80612,0.80643,1.22,1.04
2012.09.18 12:39:20.489,0.80613,0.80641,1.22,1.04
2012.09.18 12:39:21.330,0.80613,0.80643,1.22,1.04
2012.09.18 12:39:26.930,0.80612,0.80643,1.22,1.04
2012.09.18 12:39:29.269,0.80616,0.80644,1.22,1.41
2012.09.18 12:39:30.355,0.80616,0.80644,1.22,1.41
2012.09.18 12:39:31.202,0.80612,0.80644,1.82,1.41
2012.09.18 12:39:31.378,0.80612,0.8064,1.60,1.04
2012.09.18 12:39:35.439,0.80615,0.80643,1.22,1.26
2012.09.18 12:39:35.988,0.80617,0.80644,1.22,1.04
2012.09.18 12:39:39.706,0.80617,0.80645,1.22,1.04
2012.09.18 12:39:40.478,0.80617,0.80646,1.22,1.04
2012.09.18 12:39:47.830,0.80617,0.80645,1.22,1.04
2012.09.18 12:39:55.580,0.80617,0.80647,1.22,1.04
2012.09.18 12:39:55.658,0.80617,0.80643,1.22,1.04
2012.09.18 12:39:55.729,0.80615,0.80643,1.07,1.04
2012.09.18 12:39:56.261,0.80612,0.80642,1.97,1.04
2012.09.18 12:39:56.773,0.80612,0.80641,1.97,1.04
2012.09.18 12:39:58.391,0.80612,0.80643,1.97,1.26
2012.09.18 12:39:58.460,0.80611,0.80641,1.07,1.13
2012.09.18 12:39:58.529,0.80606,0.80637,1.45,1.13
2012.09.18 12:40:00.525,0.80606,0.80637,1.60,1.86
2012.09.18 12:40:02.620,0.8061,0.80637,1.22,1.11
2012.09.18 12:40:02.748,0.8061,0.80638,1.45,1.41
2012.09.18 12:40:02.965,0.80613,0.80643,1.22,1.26
2012.09.18 12:40:03.279,0.80609,0.80639,1.22,1.26
2012.09.18 12:40:03.351,0.80611,0.80639,1.60,1.26
2012.09.18 12:40:03.420,0.80611,0.8064,1.22,1.26
2012.09.18 12:40:03.491,0.80611,0.8064,1.22,1.04
2012.09.18 12:40:04.079,0.80612,0.80642,1.07,1.04
2012.09.18 12:40:04.161,0.80617,0.80646,1.22,1.41
2012.09.18 12:40:04.691,0.80617,0.80646,1.22,1.41
2012.09.18 12:40:05.401,0.80617,0.80647,1.22,1.64
2012.09.18 12:40:07.371,0.80616,0.80647,1.07,1.26
2012.09.18 12:40:07.558,0.80611,0.80646,2.20,1.26
2012.09.18 12:40:08.328,0.80611,0.80641,2.20,1.04
2012.09.18 12:40:13.493,0.80611,0.80641,1.45,1.04
2012.09.18 12:40:15.800,0.80611,0.80643,1.82,1.64
2012.09.18 12:40:20.463,0.80611,0.80643,1.07,1.64
2012.09.18 12:40:20.599,0.80609,0.80639,1.22,1.26
2012.09.18 12:40:23.651,0.80611,0.80639,1.22,1.26
2012.09.18 12:40:23.789,0.80612,0.80642,1.22,1.13
2012.09.18 12:40:24.309,0.80612,0.80642,1.22,1.04
2012.09.18 12:40:25.810,0.80612,0.80643,1.22,1.41
2012.09.18 12:40:28.672,0.8061,0.80641,1.45,1.04
2012.09.18 12:40:28.739,0.8061,0.80639,1.45,1.04
2012.09.18 12:40:28.929,0.80612,0.8064,1.22,1.04
2012.09.18 12:40:39.560,0.80612,0.80642,1.60,1.04
2012.09.18 12:40:39.861,0.80613,0.80642,1.60,1.04
2012.09.18 12:40:43.692,0.80615,0.80642,1.60,1.04
2012.09.18 12:40:43.920,0.80615,0.80642,1.22,1.04
2012.09.18 12:40:50.378,0.80615,0.8064,1.22,1.04
2012.09.18 12:40:51.589,0.80614,0.80641,1.60,1.04
2012.09.18 12:40:52.200,0.80613,0.80641,1.22,1.04
2012.09.18 12:41:00.509,0.80612,0.80642,1.97,1.04
2012.09.18 12:41:03.543,0.80612,0.8064,1.60,1.04
2012.09.18 12:41:04.863,0.80612,0.80642,1.97,1.04
2012.09.18 12:41:06.307,0.80613,0.80642,1.22,1.04
2012.09.18 12:41:20.484,0.80612,0.80641,1.60,1.04
2012.09.18 12:41:29.370,0.8061,0.80645,1.07,1.49
2012.09.18 12:41:34.342,0.8061,0.80645,1.07,1.49
2012.09.18 12:41:40.448,0.8061,0.80644,1.30,1.26
2012.09.18 12:41:42.751,0.80613,0.80649,1.22,1.26
2012.09.18 12:41:42.880,0.80616,0.80643,1.22,1.04
2012.09.18 12:41:43.223,0.80621,0.80649,1.45,1.79
2012.09.18 12:41:43.791,0.80619,0.80649,1.22,1.26
2012.09.18 12:41:46.591,0.80621,0.80649,1.13,1.26
2012.09.18 12:41:46.977,0.80627,0.80653,1.22,1.26
2012.09.18 12:41:47.641,0.80622,0.80652,1.82,1.04
2012.09.18 12:41:47.850,0.80622,0.80649,1.45,1.04
2012.09.18 12:41:47.919,0.80618,0.80646,1.22,1.35
2012.09.18 12:41:47.989,0.80618,0.80646,1.22,1.35
2012.09.18 12:41:48.240,0.80616,0.80644,1.22,1.26
2012.09.18 12:41:48.744,0.80616,0.80644,1.22,1.26
2012.09.18 12:41:51.658,0.80619,0.80648,1.22,1.64
2012.09.18 12:41:51.878,0.80621,0.80648,1.22,1.41
2012.09.18 12:41:52.331,0.80618,0.80648,1.07,1.04
2012.09.18 12:41:52.458,0.80617,0.80644,1.60,1.26
2012.09.18 12:41:53.140,0.80617,0.80643,1.60,1.04
2012.09.18 12:42:02.881,0.80617,0.80644,1.22,1.26
2012.09.18 12:42:03.428,0.80619,0.80649,1.22,2.01
2012.09.18 12:42:03.497,0.80621,0.80649,1.22,2.01
2012.09.18 12:42:08.062,0.80616,0.80647,1.45,1.35
2012.09.18 12:42:08.270,0.80616,0.80644,1.22,1.04
2012.09.18 12:42:09.259,0.80616,0.80644,1.22,1.04
2012.09.18 12:42:09.850,0.80616,0.80645,1.22,1.26
2012.09.18 12:42:10.150,0.80618,0.80647,1.22,1.49
2012.09.18 12:42:10.460,0.80622,0.80648,1.22,1.41
2012.09.18 12:42:16.873,0.80617,0.80648,1.45,1.04
2012.09.18 12:42:16.948,0.80616,0.80645,1.60,1.26
2012.09.18 12:42:20.109,0.80618,0.80648,1.13,1.64
2012.09.18 12:42:20.380,0.80619,0.80648,1.22,1.41
2012.09.18 12:42:20.660,0.80617,0.80647,1.82,1.04
2012.09.18 12:42:21.180,0.80617,0.80643,1.60,1.04
2012.09.18 12:42:39.400,0.80617,0.80643,1.22,1.04
2012.09.18 12:42:43.408,0.80615,0.80643,1.22,1.64
2012.09.18 12:42:43.730,0.80615,0.80644,1.60,1.04
2012.09.18 12:42:43.888,0.80613,0.80641,1.07,1.04
2012.09.18 12:42:44.152,0.80611,0.80639,1.97,1.26
2012.09.18 12:42:44.358,0.80611,0.8064,1.60,1.04
2012.09.18 12:42:44.430,0.80609,0.8064,1.22,1.04
2012.09.18 12:42:44.497,0.80609,0.80637,1.22,1.04
2012.09.18 12:42:46.124,0.80606,0.80636,1.60,1.35
2012.09.18 12:42:46.189,0.80611,0.80638,1.22,1.26
2012.09.18 12:42:46.810,0.80611,0.80639,1.22,1.41
2012.09.18 12:42:47.269,0.80607,0.80636,1.07,1.04
2012.09.18 12:42:47.882,0.80609,0.80639,1.22,1.64
2012.09.18 12:42:49.528,0.80611,0.80639,1.22,1.79
2012.09.18 12:42:55.522,0.80611,0.80639,1.22,1.41
2012.09.18 12:42:55.853,0.80609,0.80638,1.07,1.13
2012.09.18 12:42:56.621,0.8061,0.80638,1.13,1.64
2012.09.18 12:42:56.807,0.80611,0.80638,1.22,1.13
2012.09.18 12:42:58.020,0.80612,0.80638,1.50,1.13
2012.09.18 12:42:58.329,0.80623,0.80649,1.82,1.04
2012.09.18 12:42:58.399,0.80625,0.80654,1.22,1.41
2012.09.18 12:42:59.480,0.80626,0.80654,1.22,1.13
2012.09.18 12:43:00.421,0.80625,0.80654,1.22,1.04
2012.09.18 12:43:06.997,0.80625,0.80657,1.22,1.26
2012.09.18 12:43:07.068,0.80629,0.80658,1.22,1.64
2012.09.18 12:43:07.137,0.80629,0.8066,1.22,1.26
2012.09.18 12:43:07.378,0.80635,0.80661,1.22,1.79
2012.09.18 12:43:07.568,0.80631,0.80659,1.60,1.41
2012.09.18 12:43:07.698,0.80633,0.8066,1.13,1.04
2012.09.18 12:43:07.828,0.80635,0.80663,1.22,2.61
2012.09.18 12:43:08.409,0.80637,0.80663,1.22,1.64
2012.09.18 12:43:08.479,0.80637,0.80665,1.22,2.76
2012.09.18 12:43:08.611,0.8064,0.80667,1.22,1.04
2012.09.18 12:43:08.739,0.8064,0.80671,1.45,1.04
2012.09.18 12:43:08.902,0.8064,0.80669,1.45,1.41
2012.09.18 12:43:09.029,0.8064,0.80669,1.22,1.41
2012.09.18 12:43:09.102,0.8064,0.80669,1.22,1.41
2012.09.18 12:43:09.650,0.80641,0.80668,1.22,1.04
2012.09.18 12:43:09.901,0.80641,0.80669,1.45,1.04
2012.09.18 12:43:10.060,0.80639,0.80669,1.45,1.04
2012.09.18 12:43:10.405,0.80639,0.80674,1.45,2.01
2012.09.18 12:43:10.482,0.80641,0.80674,1.22,2.01
2012.09.18 12:43:10.682,0.8064,0.80668,1.45,1.04
2012.09.18 12:43:11.005,0.8064,0.80668,1.22,1.04
2012.09.18 12:43:11.219,0.80642,0.80674,1.22,2.01
2012.09.18 12:43:11.569,0.80632,0.80659,1.07,1.04
2012.09.18 12:43:11.825,0.80632,0.80663,1.22,1.64
2012.09.18 12:43:12.230,0.80631,0.80659,1.22,1.04
2012.09.18 12:43:20.418,0.8063,0.80658,1.22,1.04
2012.09.18 12:43:20.979,0.80626,0.80656,1.82,1.04
2012.09.18 12:43:21.328,0.80626,0.80654,1.82,1.04
2012.09.18 12:43:26.090,0.80626,0.80654,1.45,1.41
2012.09.18 12:43:26.161,0.80622,0.80653,2.05,1.13
2012.09.18 12:43:26.381,0.80622,0.80651,1.82,1.04
2012.09.18 12:43:30.189,0.80622,0.8065,1.22,1.04
2012.09.18 12:43:34.009,0.8062,0.80648,1.82,1.04
2012.09.18 12:43:34.980,0.80622,0.8065,1.22,1.26
2012.09.18 12:43:37.522,0.8062,0.80648,1.82,1.04
2012.09.18 12:43:40.393,0.80619,0.80648,1.22,1.64
2012.09.18 12:43:41.739,0.80621,0.80648,1.22,1.26
2012.09.18 12:43:42.120,0.80621,0.80654,1.22,2.39
2012.09.18 12:43:42.189,0.80623,0.80654,1.22,2.39
2012.09.18 12:43:42.700,0.80625,0.80654,1.45,1.41
2012.09.18 12:43:42.829,0.80626,0.80654,1.22,1.41
2012.09.18 12:43:46.582,0.80624,0.80654,1.45,1.41
2012.09.18 12:43:48.892,0.80623,0.80654,1.45,1.41
2012.09.18 12:43:49.230,0.80622,0.80649,1.45,1.04
2012.09.18 12:43:49.312,0.80622,0.80649,1.22,1.04
2012.09.18 12:43:56.100,0.8062,0.80648,1.60,1.04
2012.09.18 12:43:59.667,0.80621,0.80648,1.22,1.26
2012.09.18 12:44:00.002,0.80621,0.80648,1.22,1.26
2012.09.18 12:44:00.450,0.80621,0.80648,1.45,1.04
2012.09.18 12:44:01.219,0.8062,0.80648,1.22,1.26
2012.09.18 12:44:02.799,0.80622,0.80648,1.22,1.26
2012.09.18 12:44:03.473,0.80622,0.80648,1.22,1.04
2012.09.18 12:44:03.609,0.80623,0.80654,1.22,2.39
2012.09.18 12:44:03.680,0.80624,0.80654,1.22,2.39
2012.09.18 12:44:03.961,0.80626,0.80654,1.22,1.79
2012.09.18 12:44:04.161,0.80621,0.80652,1.45,1.41
2012.09.18 12:44:04.229,0.80621,0.8065,1.45,1.04
2012.09.18 12:44:05.402,0.80625,0.80654,1.22,1.26
2012.09.18 12:44:05.589,0.80626,0.80654,1.22,1.04
2012.09.18 12:44:08.150,0.80626,0.80657,1.22,1.26
2012.09.18 12:44:08.339,0.80627,0.80659,1.22,1.64
2012.09.18 12:44:08.409,0.80627,0.80655,1.45,1.04
2012.09.18 12:44:10.430,0.80627,0.80653,1.22,1.04
2012.09.18 12:44:13.949,0.80624,0.80653,1.45,1.41
2012.09.18 12:44:14.709,0.80626,0.80653,1.22,1.41
2012.09.18 12:44:16.417,0.80626,0.80653,1.22,1.04
2012.09.18 12:44:16.679,0.80621,0.80652,1.82,1.04
2012.09.18 12:44:18.600,0.80625,0.80653,1.22,1.64
2012.09.18 12:44:18.771,0.80627,0.80653,1.22,1.41
2012.09.18 12:44:30.540,0.80626,0.80653,1.22,1.04
2012.09.18 12:44:34.190,0.80622,0.80653,1.82,1.04
2012.09.18 12:44:34.737,0.80622,0.8065,1.60,1.04
2012.09.18 12:44:34.891,0.80625,0.80654,1.22,1.64
2012.09.18 12:44:34.959,0.80626,0.80654,1.22,1.26
2012.09.18 12:44:36.528,0.80626,0.80654,1.22,1.04
2012.09.18 12:44:44.689,0.80627,0.80658,1.13,1.26
2012.09.18 12:44:44.889,0.80627,0.80658,1.82,1.04
2012.09.18 12:44:44.959,0.80627,0.80654,1.07,1.04
2012.09.18 12:44:45.997,0.80626,0.80654,1.22,1.04
2012.09.18 12:44:50.561,0.80626,0.80654,1.22,1.04
2012.09.18 12:44:51.000,0.80623,0.80653,1.07,1.04
2012.09.18 12:44:51.069,0.80621,0.80651,1.97,1.04
2012.09.18 12:44:52.559,0.80621,0.80649,1.60,1.04
2012.09.18 12:44:52.688,0.80621,0.80651,1.60,1.04
2012.09.18 12:45:00.461,0.80621,0.80651,1.60,1.04
2012.09.18 12:45:01.583,0.80622,0.80652,1.22,1.04
2012.09.18 12:45:01.650,0.80624,0.80654,1.22,1.26
2012.09.18 12:45:03.820,0.80626,0.80654,1.22,1.04
2012.09.18 12:45:04.369,0.80625,0.80654,1.45,1.04
2012.09.18 12:45:05.541,0.80623,0.80654,1.60,1.26
2012.09.18 12:45:05.618,0.80622,0.80649,1.22,1.04
2012.09.18 12:45:07.690,0.80623,0.80653,1.60,1.26
2012.09.18 12:45:07.759,0.80623,0.80653,1.60,1.26
2012.09.18 12:45:07.890,0.80625,0.80653,1.45,1.04
2012.09.18 12:45:07.959,0.80623,0.8065,1.07,1.04
2012.09.18 12:45:08.029,0.80622,0.8065,1.22,1.04
2012.09.18 12:45:08.100,0.80623,0.80654,1.60,1.26
2012.09.18 12:45:08.448,0.80622,0.80651,2.35,1.04
2012.09.18 12:45:08.518,0.80622,0.80649,2.35,1.04
2012.09.18 12:45:08.653,0.80624,0.80649,1.07,1.04
2012.09.18 12:45:08.838,0.80626,0.80654,1.45,1.04
2012.09.18 12:45:08.913,0.80624,0.80651,1.07,1.04
