2012.08.17 12:00:00.591,0.79686,0.79717,1.45,1.04
2012.08.17 12:00:01.143,0.79691,0.79717,1.22,1.04
2012.08.17 12:00:01.910,0.7969,0.79717,1.45,1.04
2012.08.17 12:00:02.252,0.79686,0.79717,1.45,1.04
2012.08.17 12:00:02.322,0.79686,0.79717,1.22,1.26
2012.08.17 12:00:02.380,0.79686,0.79714,1.22,1.79
2012.08.17 12:00:03.482,0.79686,0.79715,1.22,1.26
2012.08.17 12:00:05.435,0.79683,0.79713,1.07,1.41
2012.08.17 12:00:10.181,0.79686,0.79715,1.22,1.64
2012.08.17 12:00:10.239,0.79686,0.79715,1.22,1.35
2012.08.17 12:00:10.823,0.79686,0.79715,1.45,1.35
2012.08.17 12:00:11.162,0.79686,0.79718,1.45,1.04
2012.08.17 12:00:11.220,0.79691,0.79719,1.22,1.13
2012.08.17 12:00:11.633,0.79686,0.7972,1.45,1.79
2012.08.17 12:00:11.862,0.79686,0.79719,1.45,1.04
2012.08.17 12:00:12.378,0.79686,0.79717,1.45,1.50
2012.08.17 12:00:13.148,0.79684,0.79714,1.07,1.50
2012.08.17 12:00:13.260,0.79683,0.79714,1.07,1.50
2012.08.17 12:00:13.502,0.79686,0.79716,1.45,1.04
2012.08.17 12:00:15.372,0.79686,0.79716,1.45,1.04
2012.08.17 12:00:15.483,0.79687,0.79718,1.22,2.76
2012.08.17 12:00:15.605,0.79687,0.79718,1.22,2.76
2012.08.17 12:00:17.031,0.79687,0.79715,1.22,1.79
2012.08.17 12:00:17.919,0.79687,0.79718,1.22,1.64
2012.08.17 12:00:18.012,0.79687,0.79718,1.22,1.35
2012.08.17 12:00:18.124,0.79687,0.79718,1.45,1.13
2012.08.17 12:00:18.236,0.79687,0.79716,1.22,1.73
2012.08.17 12:00:18.406,0.79686,0.79715,1.22,1.04
2012.08.17 12:00:19.452,0.79682,0.79714,1.22,1.64
2012.08.17 12:00:19.512,0.79682,0.79714,1.22,2.76
2012.08.17 12:00:20.382,0.79686,0.79714,1.22,1.79
2012.08.17 12:00:21.172,0.79686,0.79717,1.22,2.01
2012.08.17 12:00:22.806,0.7969,0.79717,1.22,2.01
2012.08.17 12:00:23.213,0.79687,0.79717,1.22,2.01
2012.08.17 12:00:23.349,0.7969,0.79717,1.22,2.01
2012.08.17 12:00:24.938,0.79687,0.79718,1.22,2.01
2012.08.17 12:00:25.024,0.79687,0.79715,1.22,1.79
2012.08.17 12:00:25.319,0.79683,0.79715,1.07,1.79
2012.08.17 12:00:25.509,0.79681,0.79715,1.82,2.01
2012.08.17 12:00:26.062,0.79681,0.79715,1.82,2.01
2012.08.17 12:00:26.393,0.79681,0.79715,1.82,2.01
2012.08.17 12:00:26.654,0.79682,0.79716,1.07,1.26
2012.08.17 12:00:27.828,0.79682,0.79716,1.07,2.39
2012.08.17 12:00:28.464,0.79682,0.79716,1.45,1.26
2012.08.17 12:00:29.283,0.79686,0.79718,1.45,1.64
2012.08.17 12:00:30.319,0.79691,0.79718,1.22,1.04
2012.08.17 12:00:30.668,0.79691,0.79719,1.22,1.79
2012.08.17 12:00:32.495,0.79691,0.79718,1.22,1.04
2012.08.17 12:00:33.054,0.79691,0.79723,1.60,1.26
2012.08.17 12:00:33.347,0.79691,0.79723,1.60,1.26
2012.08.17 12:00:33.892,0.79691,0.79722,1.22,1.26
2012.08.17 12:00:34.236,0.7969,0.79722,1.22,1.26
2012.08.17 12:00:34.787,0.79692,0.79723,1.22,2.01
2012.08.17 12:00:35.339,0.79696,0.79729,1.22,2.01
2012.08.17 12:00:35.575,0.79694,0.79729,1.07,2.61
2012.08.17 12:00:35.687,0.79695,0.79729,1.97,2.24
2012.08.17 12:00:36.514,0.79696,0.79729,1.07,2.24
2012.08.17 12:00:40.258,0.79695,0.79723,1.07,1.04
2012.08.17 12:00:40.370,0.79691,0.79723,1.97,1.26
2012.08.17 12:00:40.904,0.79691,0.79723,1.97,1.26
2012.08.17 12:00:40.962,0.7969,0.79723,1.07,1.26
2012.08.17 12:00:41.696,0.79696,0.79724,1.22,1.64
2012.08.17 12:00:42.213,0.79701,0.79733,1.22,1.49
2012.08.17 12:00:42.278,0.79701,0.79733,1.22,1.49
2012.08.17 12:00:43.133,0.79701,0.79731,1.22,1.26
2012.08.17 12:00:43.568,0.79701,0.79731,1.22,1.26
2012.08.17 12:00:43.889,0.79701,0.79731,1.22,1.26
2012.08.17 12:00:44.519,0.79701,0.79731,1.22,1.64
2012.08.17 12:00:45.995,0.79701,0.79729,1.22,1.26
2012.08.17 12:00:46.151,0.79696,0.79729,1.22,2.01
2012.08.17 12:00:46.210,0.79696,0.79729,1.22,2.01
2012.08.17 12:00:46.421,0.79696,0.79729,1.22,2.01
2012.08.17 12:00:47.598,0.79693,0.79727,1.07,1.26
2012.08.17 12:00:48.380,0.79693,0.79727,1.07,1.26
2012.08.17 12:00:48.728,0.79692,0.79723,1.60,1.26
2012.08.17 12:00:49.239,0.79692,0.79723,1.22,1.26
2012.08.17 12:00:49.363,0.79692,0.79723,1.22,1.26
2012.08.17 12:00:50.930,0.79689,0.7972,1.07,1.26
2012.08.17 12:00:51.232,0.79689,0.79724,1.07,2.01
2012.08.17 12:00:52.703,0.79689,0.79724,2.57,1.64
2012.08.17 12:00:53.883,0.7969,0.79724,1.97,1.64
2012.08.17 12:00:55.530,0.79694,0.79724,1.22,2.24
2012.08.17 12:00:56.339,0.79691,0.79724,1.97,2.24
2012.08.17 12:00:56.923,0.79691,0.79724,1.97,1.64
2012.08.17 12:00:58.394,0.7969,0.79724,1.97,1.64
2012.08.17 12:00:58.591,0.79692,0.79723,1.82,1.04
2012.08.17 12:01:05.698,0.79692,0.79724,1.07,1.04
2012.08.17 12:01:12.823,0.79696,0.79727,1.22,1.26
2012.08.17 12:01:15.658,0.79692,0.79724,1.07,1.04
2012.08.17 12:01:16.162,0.79696,0.79726,1.22,1.49
2012.08.17 12:01:16.852,0.79696,0.79726,1.22,1.49
2012.08.17 12:01:17.510,0.79696,0.79726,1.22,1.86
2012.08.17 12:01:17.705,0.79696,0.79726,1.22,1.86
2012.08.17 12:01:18.252,0.79696,0.79724,1.22,1.04
2012.08.17 12:01:18.532,0.79689,0.79719,1.07,1.41
2012.08.17 12:01:18.591,0.79686,0.79719,1.97,1.64
2012.08.17 12:01:18.818,0.79691,0.7972,1.07,1.64
2012.08.17 12:01:19.395,0.79691,0.79719,1.07,1.04
2012.08.17 12:01:19.686,0.79692,0.79722,1.60,1.11
2012.08.17 12:01:20.563,0.79692,0.79722,1.60,1.11
2012.08.17 12:01:21.113,0.79692,0.79722,1.60,1.11
2012.08.17 12:01:23.909,0.79692,0.79723,1.60,1.26
2012.08.17 12:01:24.149,0.79692,0.79723,1.60,1.26
2012.08.17 12:01:24.692,0.79696,0.79724,1.22,1.49
2012.08.17 12:01:25.223,0.79696,0.79724,1.22,1.49
2012.08.17 12:01:25.888,0.79695,0.79724,1.22,1.49
2012.08.17 12:01:26.563,0.79696,0.79724,1.22,1.49
2012.08.17 12:01:27.214,0.79696,0.79724,1.22,1.49
2012.08.17 12:01:27.765,0.79696,0.79724,1.22,1.49
2012.08.17 12:01:28.876,0.79696,0.79724,1.22,1.49
2012.08.17 12:01:28.933,0.79696,0.79724,1.22,1.49
2012.08.17 12:01:29.205,0.79691,0.79724,1.45,2.24
2012.08.17 12:01:31.054,0.79696,0.79724,1.22,1.49
2012.08.17 12:01:31.747,0.79695,0.79724,1.22,1.11
2012.08.17 12:01:31.859,0.79696,0.79724,1.22,1.11
2012.08.17 12:01:32.404,0.79697,0.79724,1.60,1.11
2012.08.17 12:01:32.543,0.79697,0.79724,1.60,1.11
2012.08.17 12:01:32.710,0.797,0.79727,1.22,1.11
2012.08.17 12:01:32.769,0.79701,0.79728,1.22,2.39
2012.08.17 12:01:32.900,0.79701,0.7973,1.22,1.04
2012.08.17 12:01:34.557,0.79696,0.79731,1.60,1.49
2012.08.17 12:01:38.393,0.79694,0.79728,1.07,1.64
2012.08.17 12:01:41.553,0.79694,0.79728,1.07,1.64
2012.08.17 12:01:44.796,0.79693,0.79728,1.07,1.64
2012.08.17 12:01:46.380,0.79693,0.79728,1.07,1.64
2012.08.17 12:01:46.658,0.79693,0.79728,1.07,1.64
2012.08.17 12:01:46.735,0.79693,0.79728,1.07,1.64
2012.08.17 12:01:46.844,0.79693,0.79728,1.07,1.64
2012.08.17 12:01:47.836,0.79693,0.79728,1.07,1.64
2012.08.17 12:01:48.523,0.79693,0.79729,1.07,2.39
2012.08.17 12:01:49.144,0.79692,0.79728,1.07,1.26
2012.08.17 12:01:49.705,0.79692,0.79728,1.07,1.26
2012.08.17 12:01:50.134,0.79692,0.79728,1.07,1.26
2012.08.17 12:01:50.368,0.79692,0.79728,1.07,1.26
2012.08.17 12:01:51.233,0.79694,0.79728,1.07,1.64
2012.08.17 12:01:51.744,0.79694,0.79728,1.07,1.64
2012.08.17 12:01:52.252,0.79698,0.79726,1.07,1.04
2012.08.17 12:01:52.453,0.79698,0.79725,1.07,1.04
2012.08.17 12:01:53.036,0.79697,0.79729,1.22,1.26
2012.08.17 12:01:53.218,0.79697,0.79729,1.22,1.26
2012.08.17 12:01:53.284,0.79697,0.79729,1.45,1.04
2012.08.17 12:01:53.342,0.79697,0.79729,1.45,1.04
2012.08.17 12:01:53.562,0.79701,0.79733,1.82,1.26
2012.08.17 12:01:53.779,0.79701,0.79737,2.42,2.76
2012.08.17 12:01:54.661,0.79707,0.79737,1.22,1.64
2012.08.17 12:01:54.997,0.79704,0.79737,1.45,1.73
2012.08.17 12:01:55.177,0.79706,0.79738,1.07,1.79
2012.08.17 12:01:55.236,0.79706,0.79737,1.07,1.04
2012.08.17 12:01:55.792,0.79704,0.79737,1.07,2.24
2012.08.17 12:01:57.040,0.79704,0.79734,1.07,1.04
2012.08.17 12:01:58.456,0.79705,0.79735,1.07,1.04
2012.08.17 12:01:58.596,0.79705,0.79735,1.07,1.04
2012.08.17 12:01:58.745,0.79705,0.79735,1.07,1.04
2012.08.17 12:02:01.855,0.79705,0.79734,1.07,1.04
2012.08.17 12:02:04.621,0.79701,0.79735,1.82,1.13
2012.08.17 12:02:05.469,0.79704,0.79736,1.07,1.04
2012.08.17 12:02:07.260,0.79707,0.79737,1.45,1.79
2012.08.17 12:02:09.484,0.79702,0.79737,1.82,1.64
2012.08.17 12:02:12.691,0.79701,0.79734,1.82,1.41
2012.08.17 12:02:13.097,0.79701,0.79734,1.45,1.64
2012.08.17 12:02:14.484,0.79699,0.79731,1.07,1.04
2012.08.17 12:02:15.578,0.79699,0.79731,1.07,1.04
2012.08.17 12:02:16.178,0.79701,0.79734,1.45,1.64
2012.08.17 12:02:18.494,0.79702,0.79737,1.22,2.39
2012.08.17 12:02:19.174,0.79702,0.79737,1.45,2.39
2012.08.17 12:02:21.184,0.79702,0.79735,1.45,1.04
2012.08.17 12:02:21.375,0.79699,0.79733,1.07,1.79
2012.08.17 12:02:21.703,0.79699,0.79733,1.07,1.79
2012.08.17 12:02:22.996,0.79698,0.7973,1.07,1.79
2012.08.17 12:02:23.553,0.79698,0.7973,1.07,1.79
2012.08.17 12:02:23.665,0.79698,0.7973,1.07,1.50
2012.08.17 12:02:24.202,0.79691,0.79724,1.82,1.04
2012.08.17 12:02:24.264,0.79691,0.79725,1.82,1.41
2012.08.17 12:02:24.440,0.79692,0.79728,1.22,1.64
2012.08.17 12:02:24.565,0.79692,0.79728,1.45,1.64
2012.08.17 12:02:25.254,0.79694,0.79728,1.07,1.64
2012.08.17 12:02:25.689,0.79694,0.79728,1.07,1.64
2012.08.17 12:02:26.699,0.79694,0.79726,1.07,1.04
2012.08.17 12:02:27.247,0.79694,0.79726,1.07,1.04
2012.08.17 12:02:27.466,0.79694,0.79729,1.07,1.26
2012.08.17 12:02:27.665,0.79696,0.79729,1.97,1.26
2012.08.17 12:02:29.636,0.79694,0.79729,1.07,1.64
2012.08.17 12:02:29.855,0.79696,0.79729,1.82,1.41
2012.08.17 12:02:30.414,0.79701,0.79733,1.22,1.26
2012.08.17 12:02:30.634,0.79701,0.79733,1.22,1.26
2012.08.17 12:02:31.615,0.79701,0.79733,1.22,1.26
2012.08.17 12:02:32.146,0.79701,0.79733,1.60,1.26
2012.08.17 12:02:34.288,0.79706,0.79734,1.07,1.13
2012.08.17 12:02:34.509,0.79701,0.79733,1.45,1.04
2012.08.17 12:02:35.136,0.79701,0.79734,1.45,1.04
2012.08.17 12:02:36.404,0.79701,0.79733,1.07,1.79
2012.08.17 12:02:37.615,0.79702,0.79733,1.45,1.04
2012.08.17 12:02:38.247,0.79698,0.79729,1.07,1.04
2012.08.17 12:02:38.853,0.79701,0.79733,1.22,1.26
2012.08.17 12:02:39.904,0.79701,0.79733,1.82,1.26
2012.08.17 12:02:40.395,0.79698,0.79731,1.07,1.26
2012.08.17 12:02:40.721,0.79701,0.79733,1.22,1.86
2012.08.17 12:02:41.670,0.79698,0.7973,1.07,1.04
2012.08.17 12:02:42.172,0.79702,0.79733,1.22,2.01
2012.08.17 12:02:42.449,0.79702,0.79733,1.60,1.64
2012.08.17 12:02:42.775,0.79703,0.79735,1.07,1.41
2012.08.17 12:02:42.920,0.79706,0.79737,1.45,2.76
2012.08.17 12:02:43.696,0.79705,0.79735,1.07,1.04
2012.08.17 12:02:44.360,0.79706,0.79737,1.45,2.01
2012.08.17 12:02:45.302,0.79706,0.79737,1.45,1.64
2012.08.17 12:02:45.848,0.79712,0.79738,1.22,1.04
2012.08.17 12:02:46.307,0.79707,0.79738,1.45,1.79
2012.08.17 12:02:47.239,0.79712,0.79741,1.22,1.64
2012.08.17 12:02:48.270,0.79711,0.79738,1.07,1.13
2012.08.17 12:02:49.244,0.79707,0.7974,1.82,1.04
2012.08.17 12:02:49.356,0.79711,0.79737,1.45,1.13
2012.08.17 12:02:49.468,0.79707,0.79737,1.45,1.41
2012.08.17 12:02:57.589,0.79705,0.79737,1.07,1.41
2012.08.17 12:02:57.648,0.79705,0.79735,1.07,1.41
2012.08.17 12:02:58.631,0.79702,0.79733,1.45,1.13
2012.08.17 12:02:59.666,0.79703,0.79733,1.07,1.04
2012.08.17 12:02:59.846,0.797,0.79732,1.67,1.13
2012.08.17 12:03:00.033,0.797,0.7973,1.45,1.04
2012.08.17 12:03:00.660,0.79703,0.79732,1.45,1.64
2012.08.17 12:03:00.940,0.79711,0.79738,1.22,1.13
2012.08.17 12:03:01.369,0.79711,0.79741,1.45,1.04
2012.08.17 12:03:01.761,0.79709,0.79739,1.07,1.50
2012.08.17 12:03:02.701,0.79708,0.79739,1.30,2.16
2012.08.17 12:03:03.746,0.79708,0.79739,1.30,1.88
2012.08.17 12:03:03.984,0.79709,0.79738,1.07,1.04
2012.08.17 12:03:04.175,0.79709,0.79737,1.07,1.50
2012.08.17 12:03:05.617,0.79708,0.79737,1.07,1.50
2012.08.17 12:03:07.151,0.79708,0.79738,1.07,1.79
2012.08.17 12:03:07.444,0.79708,0.7974,1.07,1.35
2012.08.17 12:03:11.089,0.79711,0.79739,1.22,1.04
2012.08.17 12:03:15.601,0.7971,0.79741,1.07,1.04
2012.08.17 12:03:25.504,0.79711,0.79742,1.07,1.04
2012.08.17 12:03:27.275,0.79708,0.79739,2.20,1.79
2012.08.17 12:03:33.102,0.7971,0.79743,1.22,1.86
2012.08.17 12:03:36.009,0.79712,0.79739,1.07,1.04
2012.08.17 12:03:41.280,0.79708,0.79741,1.07,1.64
2012.08.17 12:03:43.012,0.79707,0.79738,1.82,1.50
2012.08.17 12:03:43.656,0.79707,0.79738,1.82,1.50
2012.08.17 12:03:45.584,0.79707,0.79738,1.82,1.73
2012.08.17 12:03:48.121,0.7971,0.7974,1.07,1.04
2012.08.17 12:03:50.913,0.79709,0.79737,1.07,1.50
2012.08.17 12:03:50.971,0.79709,0.79737,1.07,1.79
2012.08.17 12:03:51.135,0.79707,0.79737,1.07,1.04
2012.08.17 12:03:51.346,0.79709,0.79739,1.07,1.50
2012.08.17 12:03:51.917,0.79709,0.79738,1.97,1.50
2012.08.17 12:03:53.225,0.79706,0.79739,1.97,2.01
2012.08.17 12:03:53.282,0.79706,0.79737,1.97,1.26
2012.08.17 12:03:54.454,0.79707,0.79736,1.22,2.70
2012.08.17 12:03:54.622,0.79707,0.79735,1.22,1.11
2012.08.17 12:03:54.766,0.79701,0.79735,1.82,1.11
2012.08.17 12:03:54.825,0.79701,0.79737,1.82,2.01
2012.08.17 12:03:55.336,0.79702,0.79737,1.97,1.64
2012.08.17 12:03:56.198,0.79702,0.79737,1.22,1.64
2012.08.17 12:03:56.507,0.79702,0.79736,1.22,1.64
2012.08.17 12:03:56.878,0.79702,0.79734,1.22,1.26
2012.08.17 12:03:56.939,0.79702,0.79734,1.22,1.26
2012.08.17 12:03:57.510,0.79702,0.79733,1.97,1.26
2012.08.17 12:03:57.862,0.79701,0.79734,1.07,1.26
2012.08.17 12:03:58.489,0.79701,0.79734,1.60,1.26
2012.08.17 12:03:59.355,0.79702,0.79735,2.35,1.26
2012.08.17 12:03:59.414,0.79705,0.79735,1.07,1.04
2012.08.17 12:03:59.579,0.79702,0.79735,2.57,1.26
2012.08.17 12:04:00.996,0.79698,0.79734,2.20,1.26
2012.08.17 12:04:01.054,0.79701,0.79734,1.07,1.26
2012.08.17 12:04:01.165,0.79701,0.79735,1.07,1.64
2012.08.17 12:04:02.883,0.79699,0.79735,1.22,1.26
2012.08.17 12:04:03.101,0.79702,0.79733,1.60,1.26
2012.08.17 12:04:03.307,0.79699,0.79735,1.97,1.64
2012.08.17 12:04:03.365,0.79701,0.79735,1.07,1.64
2012.08.17 12:04:03.931,0.79701,0.79735,1.07,1.64
2012.08.17 12:04:04.321,0.79701,0.79737,1.45,2.76
2012.08.17 12:04:04.878,0.79696,0.79725,1.22,1.26
2012.08.17 12:04:05.527,0.79696,0.79729,1.22,1.86
2012.08.17 12:04:06.776,0.79697,0.79728,1.60,1.26
2012.08.17 12:04:06.834,0.79697,0.79728,1.60,1.26
2012.08.17 12:04:07.550,0.79702,0.79733,1.22,1.26
2012.08.17 12:04:08.645,0.79702,0.79735,1.22,1.26
2012.08.17 12:04:09.168,0.79701,0.79735,1.60,1.26
2012.08.17 12:04:13.386,0.797,0.79733,1.07,1.64
2012.08.17 12:04:15.321,0.79697,0.79733,1.97,2.01
2012.08.17 12:04:15.379,0.79697,0.79733,1.97,2.01
2012.08.17 12:04:18.632,0.79699,0.79729,1.07,1.04
2012.08.17 12:04:18.780,0.79699,0.79733,1.07,2.01
2012.08.17 12:04:21.388,0.79697,0.79733,1.97,1.64
2012.08.17 12:04:21.445,0.79697,0.79733,1.97,1.64
2012.08.17 12:04:22.532,0.79697,0.79729,1.22,1.64
2012.08.17 12:04:26.144,0.79691,0.79724,3.55,1.26
2012.08.17 12:04:26.283,0.79691,0.79727,3.55,1.26
2012.08.17 12:04:26.340,0.79695,0.79727,1.07,1.04
2012.08.17 12:04:26.505,0.79691,0.79724,2.80,1.26
2012.08.17 12:04:27.871,0.79691,0.79729,3.17,1.64
2012.08.17 12:04:28.268,0.79691,0.79729,3.17,1.64
2012.08.17 12:04:28.337,0.79702,0.79733,1.45,1.26
2012.08.17 12:04:28.607,0.79702,0.79733,1.45,1.26
2012.08.17 12:04:28.924,0.79713,0.79739,1.45,1.73
2012.08.17 12:04:28.982,0.79713,0.79738,1.45,1.26
2012.08.17 12:04:29.849,0.79709,0.79738,1.22,1.26
2012.08.17 12:04:30.169,0.79709,0.7974,1.07,1.04
2012.08.17 12:04:35.528,0.7971,0.7974,1.22,1.04
2012.08.17 12:04:37.268,0.79712,0.79741,1.60,1.04
2012.08.17 12:04:46.330,0.79709,0.79742,1.07,1.26
2012.08.17 12:04:46.650,0.79714,0.79743,1.45,1.50
2012.08.17 12:04:46.986,0.79721,0.79745,1.22,1.26
2012.08.17 12:04:47.253,0.79722,0.79751,1.41,1.43
2012.08.17 12:04:47.372,0.79722,0.79753,1.60,1.67
2012.08.17 12:04:47.862,0.79722,0.79753,1.82,1.39
2012.08.17 12:04:48.618,0.79722,0.79753,1.07,1.15
2012.08.17 12:04:49.800,0.79717,0.79751,1.82,1.15
2012.08.17 12:04:51.019,0.79717,0.79749,1.07,1.41
2012.08.17 12:04:51.222,0.79711,0.79741,1.22,1.26
2012.08.17 12:04:55.479,0.79707,0.79739,1.60,1.49
2012.08.17 12:04:55.652,0.79707,0.79739,1.60,1.49
2012.08.17 12:04:55.721,0.79707,0.79739,1.60,1.49
2012.08.17 12:04:56.068,0.79703,0.79735,1.97,1.11
2012.08.17 12:04:56.324,0.79707,0.79739,1.60,1.26
2012.08.17 12:04:56.436,0.79709,0.79739,1.07,1.35
2012.08.17 12:04:56.548,0.79711,0.7974,1.07,1.04
2012.08.17 12:04:56.979,0.79708,0.79738,1.07,1.04
2012.08.17 12:04:57.105,0.79707,0.79738,1.97,1.26
2012.08.17 12:04:57.423,0.79711,0.79744,1.07,1.64
2012.08.17 12:04:57.883,0.79706,0.79741,1.45,2.16
2012.08.17 12:04:58.458,0.79707,0.79741,1.22,2.99
2012.08.17 12:05:02.747,0.79707,0.79737,1.22,2.01
2012.08.17 12:05:03.710,0.79707,0.79737,1.22,2.01
2012.08.17 12:05:05.903,0.79702,0.79739,1.30,2.76
2012.08.17 12:05:08.155,0.79702,0.79739,1.30,2.76
2012.08.17 12:05:15.577,0.79703,0.79739,1.07,3.36
2012.08.17 12:05:16.906,0.79707,0.79741,1.22,1.64
2012.08.17 12:05:17.059,0.79707,0.79741,1.45,1.26
2012.08.17 12:05:17.390,0.79707,0.79741,1.22,1.26
2012.08.17 12:05:17.643,0.79707,0.79738,1.22,1.26
2012.08.17 12:05:20.316,0.79707,0.79736,1.22,1.73
2012.08.17 12:05:20.381,0.79707,0.79736,1.22,2.01
2012.08.17 12:05:21.162,0.797,0.79734,1.07,1.41
2012.08.17 12:05:21.359,0.797,0.79734,1.07,1.41
2012.08.17 12:05:21.833,0.797,0.79734,1.07,1.41
2012.08.17 12:05:22.493,0.79702,0.79734,1.07,1.41
2012.08.17 12:05:22.788,0.79705,0.79734,1.07,1.13
2012.08.17 12:05:23.760,0.79706,0.79737,1.07,1.04
2012.08.17 12:05:23.869,0.79706,0.79737,1.07,1.04
2012.08.17 12:05:24.005,0.79706,0.79739,1.07,1.41
2012.08.17 12:05:24.308,0.79706,0.79739,1.07,1.41
2012.08.17 12:05:24.969,0.79707,0.79741,1.07,1.79
2012.08.17 12:05:26.430,0.79708,0.79739,1.07,1.04
2012.08.17 12:05:27.094,0.79708,0.79739,1.22,1.04
2012.08.17 12:05:27.610,0.79708,0.79738,1.22,1.04
2012.08.17 12:05:27.829,0.79707,0.7974,1.07,1.26
2012.08.17 12:05:27.946,0.79707,0.79739,1.07,1.41
2012.08.17 12:05:28.058,0.79706,0.79739,1.60,1.64
2012.08.17 12:05:28.621,0.79705,0.79734,1.45,1.04
2012.08.17 12:05:29.207,0.79704,0.79733,1.45,1.04
2012.08.17 12:05:29.266,0.79704,0.79732,1.45,1.04
2012.08.17 12:05:29.507,0.79711,0.79738,1.20,1.04
2012.08.17 12:05:29.565,0.79712,0.79739,1.07,1.04
2012.08.17 12:05:34.298,0.79711,0.7974,1.30,1.04
2012.08.17 12:05:34.358,0.79707,0.79738,2.42,1.26
2012.08.17 12:05:34.726,0.79707,0.79736,1.67,1.04
2012.08.17 12:05:34.950,0.79707,0.79738,1.67,1.26
2012.08.17 12:05:35.062,0.7971,0.7974,1.07,1.04
2012.08.17 12:05:35.175,0.7971,0.79739,1.07,1.04
2012.08.17 12:05:35.414,0.7971,0.79737,1.07,1.04
2012.08.17 12:05:36.173,0.79708,0.79738,1.22,1.04
2012.08.17 12:05:36.285,0.79709,0.7974,1.07,1.41
2012.08.17 12:05:36.761,0.7971,0.79738,1.07,1.04
2012.08.17 12:05:36.939,0.7971,0.79738,1.07,1.04
2012.08.17 12:05:37.267,0.79706,0.79734,1.45,1.13
2012.08.17 12:05:37.899,0.79706,0.79734,1.67,1.13
2012.08.17 12:05:38.551,0.79706,0.79734,1.07,1.41
2012.08.17 12:05:39.292,0.79706,0.79734,1.07,1.41
2012.08.17 12:05:40.070,0.79706,0.79734,1.07,1.41
2012.08.17 12:05:40.650,0.79706,0.79733,1.07,1.04
2012.08.17 12:05:41.012,0.79702,0.79733,1.45,1.04
2012.08.17 12:05:41.122,0.79702,0.79733,1.45,1.04
2012.08.17 12:05:41.341,0.79702,0.79731,1.45,1.04
2012.08.17 12:05:42.431,0.79701,0.7973,1.07,1.41
2012.08.17 12:05:42.789,0.79697,0.79729,1.82,1.26
2012.08.17 12:05:43.630,0.79697,0.79728,1.82,1.13
2012.08.17 12:05:46.990,0.79701,0.79732,1.22,2.01
2012.08.17 12:05:47.910,0.79701,0.79728,1.22,1.79
2012.08.17 12:05:47.968,0.79699,0.79727,1.07,1.04
2012.08.17 12:05:48.361,0.79697,0.79727,1.82,1.04
2012.08.17 12:05:48.715,0.79701,0.79733,1.45,1.26
2012.08.17 12:05:49.368,0.79703,0.79734,1.07,1.79
2012.08.17 12:05:50.120,0.79703,0.79734,1.07,1.79
2012.08.17 12:05:50.626,0.79703,0.79733,1.07,1.41
2012.08.17 12:05:51.180,0.79702,0.79733,1.07,1.79
2012.08.17 12:05:55.320,0.79702,0.79733,1.07,1.79
2012.08.17 12:05:56.032,0.79702,0.79733,1.07,1.79
2012.08.17 12:05:57.370,0.79702,0.79733,1.07,1.04
2012.08.17 12:05:57.784,0.79701,0.79734,1.45,1.79
2012.08.17 12:05:57.945,0.79706,0.79737,1.45,1.79
2012.08.17 12:05:58.004,0.79708,0.79737,1.07,1.50
2012.08.17 12:05:58.234,0.79708,0.79741,1.07,1.88
2012.08.17 12:05:58.833,0.79711,0.79741,1.45,1.88
2012.08.17 12:05:59.121,0.79711,0.79743,1.45,1.41
2012.08.17 12:05:59.509,0.79712,0.79741,1.45,1.04
2012.08.17 12:06:00.127,0.79712,0.79741,1.22,1.26
2012.08.17 12:06:00.667,0.79709,0.7974,1.07,1.41
2012.08.17 12:06:01.459,0.79712,0.79741,1.22,1.26
2012.08.17 12:06:02.157,0.79712,0.79742,1.22,2.10
2012.08.17 12:06:02.269,0.79712,0.79743,1.45,1.79
2012.08.17 12:06:02.912,0.79714,0.79743,1.30,1.50
2012.08.17 12:06:03.607,0.79718,0.79749,1.07,1.41
2012.08.17 12:06:03.719,0.79716,0.79749,1.45,1.50
2012.08.17 12:06:03.777,0.79716,0.79748,1.45,1.04
2012.08.17 12:06:03.889,0.79716,0.79748,1.22,1.26
2012.08.17 12:06:03.949,0.79719,0.79748,1.22,1.26
2012.08.17 12:06:04.559,0.79717,0.79748,1.22,2.39
2012.08.17 12:06:04.992,0.79714,0.79743,1.67,1.41
2012.08.17 12:06:05.472,0.79712,0.79743,1.22,2.01
2012.08.17 12:06:06.949,0.79712,0.79743,1.22,2.01
2012.08.17 12:06:10.361,0.79712,0.79741,1.22,1.26
2012.08.17 12:06:11.890,0.79709,0.7974,1.45,1.04
2012.08.17 12:06:12.529,0.79711,0.79741,1.22,1.26
2012.08.17 12:06:15.497,0.79711,0.79741,1.22,1.26
2012.08.17 12:06:18.773,0.79713,0.79744,1.07,1.64
2012.08.17 12:06:18.889,0.79713,0.79744,1.07,1.64
2012.08.17 12:06:19.479,0.79716,0.79743,1.22,1.04
2012.08.17 12:06:21.708,0.79718,0.79746,1.22,1.26
2012.08.17 12:06:23.446,0.79717,0.79746,1.22,1.04
2012.08.17 12:06:26.884,0.79716,0.79743,1.22,1.35
2012.08.17 12:06:27.430,0.79721,0.79747,1.22,1.26
2012.08.17 12:06:27.739,0.79721,0.79749,1.22,1.04
2012.08.17 12:06:28.617,0.79719,0.79748,1.07,1.13
2012.08.17 12:06:29.864,0.79719,0.79744,1.07,1.13
2012.08.17 12:06:30.529,0.79716,0.79749,1.45,1.50
2012.08.17 12:06:33.050,0.79718,0.79749,1.07,1.13
2012.08.17 12:06:39.297,0.79721,0.79754,1.07,2.27
2012.08.17 12:06:42.541,0.79721,0.79753,1.60,1.52
2012.08.17 12:06:44.191,0.79721,0.79752,1.22,1.30
2012.08.17 12:06:45.842,0.79721,0.79752,1.22,1.30
2012.08.17 12:06:47.784,0.79721,0.79753,1.22,1.15
2012.08.17 12:06:55.892,0.79721,0.79751,1.22,1.30
2012.08.17 12:06:59.260,0.79716,0.79749,2.80,1.41
2012.08.17 12:07:00.369,0.79716,0.79749,2.57,1.64
2012.08.17 12:07:01.127,0.79716,0.79749,2.05,1.04
2012.08.17 12:07:01.649,0.79717,0.79751,1.07,1.52
2012.08.17 12:07:01.960,0.79717,0.79751,1.07,1.02
2012.08.17 12:07:02.283,0.79722,0.79754,1.07,1.30
2012.08.17 12:07:05.602,0.79721,0.79753,1.45,1.30
2012.08.17 12:07:06.863,0.79721,0.79753,1.45,1.30
2012.08.17 12:07:12.744,0.79722,0.79753,1.45,1.30
2012.08.17 12:07:13.196,0.79712,0.79743,1.22,1.26
2012.08.17 12:07:13.291,0.79712,0.79743,1.22,1.26
2012.08.17 12:07:13.618,0.79714,0.79747,1.07,1.04
2012.08.17 12:07:13.731,0.79714,0.79747,1.07,1.26
2012.08.17 12:07:14.622,0.79714,0.79747,1.07,1.26
2012.08.17 12:07:15.829,0.79713,0.79745,1.07,1.04
2012.08.17 12:07:16.261,0.79712,0.79741,1.45,1.04
2012.08.17 12:07:16.821,0.79712,0.79738,1.22,1.04
2012.08.17 12:07:16.910,0.79712,0.79741,1.22,1.04
2012.08.17 12:07:17.695,0.79712,0.79741,1.22,1.04
2012.08.17 12:07:17.758,0.79712,0.79737,1.22,1.04
2012.08.17 12:07:17.816,0.79712,0.79737,1.22,1.04
2012.08.17 12:07:17.875,0.79703,0.79735,1.07,1.13
2012.08.17 12:07:17.934,0.79703,0.79737,1.07,1.04
2012.08.17 12:07:19.131,0.79703,0.79737,1.07,1.26
2012.08.17 12:07:19.693,0.79701,0.79737,1.82,2.01
2012.08.17 12:07:20.223,0.79701,0.79737,1.82,2.01
2012.08.17 12:07:24.299,0.79709,0.79737,1.22,2.01
2012.08.17 12:07:24.521,0.79712,0.79741,1.22,1.26
2012.08.17 12:07:24.579,0.79712,0.79741,1.22,1.26
2012.08.17 12:07:26.125,0.79707,0.79737,1.45,1.50
2012.08.17 12:07:26.204,0.79707,0.79736,1.45,1.04
2012.08.17 12:07:27.522,0.79707,0.79737,1.22,2.01
2012.08.17 12:07:27.661,0.79707,0.79742,1.60,1.49
2012.08.17 12:07:27.839,0.79711,0.79744,1.22,1.26
2012.08.17 12:07:27.962,0.79717,0.79744,1.45,1.04
2012.08.17 12:07:28.222,0.79717,0.79744,1.22,1.04
2012.08.17 12:07:31.049,0.79717,0.79745,1.22,1.04
2012.08.17 12:07:32.593,0.79719,0.79747,1.07,1.04
2012.08.17 12:07:33.119,0.79719,0.79747,1.07,1.04
2012.08.17 12:07:35.563,0.79719,0.79748,1.07,1.04
2012.08.17 12:07:37.643,0.79716,0.79743,1.07,1.13
2012.08.17 12:07:38.266,0.79708,0.79739,1.07,1.04
2012.08.17 12:07:39.626,0.79714,0.79741,1.22,1.04
2012.08.17 12:07:40.212,0.79716,0.79741,1.22,1.04
2012.08.17 12:07:41.623,0.79712,0.79741,1.22,1.04
2012.08.17 12:07:41.735,0.79707,0.79738,1.82,1.41
2012.08.17 12:07:44.456,0.79711,0.79741,1.45,1.04
2012.08.17 12:07:45.446,0.7971,0.79739,1.07,1.04
2012.08.17 12:07:45.562,0.7971,0.79739,1.07,1.04
2012.08.17 12:07:46.071,0.7971,0.79739,1.07,1.04
2012.08.17 12:07:46.851,0.7971,0.79739,1.07,1.04
2012.08.17 12:07:48.347,0.79706,0.79738,1.07,1.04
2012.08.17 12:07:48.862,0.79705,0.79738,1.07,1.04
2012.08.17 12:07:50.293,0.79704,0.79738,1.30,1.41
2012.08.17 12:07:51.621,0.79706,0.79741,1.45,1.64
2012.08.17 12:07:52.234,0.79711,0.79742,1.07,1.04
2012.08.17 12:07:52.627,0.79711,0.79744,1.82,1.26
2012.08.17 12:07:52.739,0.79712,0.79744,1.07,1.04
2012.08.17 12:07:56.911,0.7971,0.79743,1.07,2.91
2012.08.17 12:07:57.091,0.79707,0.79741,2.20,1.26
2012.08.17 12:08:05.484,0.79704,0.79738,1.07,1.64
2012.08.17 12:08:07.892,0.79705,0.79734,1.07,1.04
2012.08.17 12:08:08.289,0.797,0.79729,1.07,1.04
2012.08.17 12:08:08.838,0.79701,0.79734,1.60,2.76
2012.08.17 12:08:08.931,0.79701,0.79734,1.60,2.76
2012.08.17 12:08:10.255,0.797,0.79729,1.07,1.04
2012.08.17 12:08:11.892,0.79697,0.7973,2.05,1.41
2012.08.17 12:08:12.046,0.79697,0.79733,1.82,1.64
2012.08.17 12:08:12.439,0.79701,0.79734,1.22,2.76
2012.08.17 12:08:13.871,0.79697,0.79731,2.05,1.04
2012.08.17 12:08:14.094,0.79701,0.79731,1.22,1.04
2012.08.17 12:08:14.871,0.79701,0.79732,1.22,1.26
2012.08.17 12:08:14.929,0.79701,0.7973,1.22,1.11
2012.08.17 12:08:15.262,0.79694,0.79724,1.60,1.26
2012.08.17 12:08:15.374,0.79694,0.79724,1.82,1.04
2012.08.17 12:08:15.906,0.79694,0.79724,1.45,1.41
2012.08.17 12:08:16.312,0.79694,0.79724,1.45,1.04
2012.08.17 12:08:17.123,0.79694,0.79724,1.45,1.41
2012.08.17 12:08:17.423,0.79694,0.79724,1.45,1.41
2012.08.17 12:08:17.964,0.79694,0.79723,1.22,1.64
2012.08.17 12:08:19.349,0.79694,0.79721,1.22,2.76
2012.08.17 12:08:19.678,0.79694,0.79725,1.50,2.01
2012.08.17 12:08:19.893,0.79697,0.79728,1.22,1.64
2012.08.17 12:08:20.281,0.797,0.79731,1.45,1.79
2012.08.17 12:08:20.873,0.79697,0.79728,1.22,1.64
2012.08.17 12:08:21.862,0.79695,0.79725,1.30,1.41
2012.08.17 12:08:23.833,0.79697,0.79724,1.22,1.79
2012.08.17 12:08:23.945,0.79694,0.79723,1.22,1.64
2012.08.17 12:08:24.161,0.79692,0.79723,2.33,1.41
2012.08.17 12:08:24.219,0.79696,0.79726,1.45,1.04
2012.08.17 12:08:24.383,0.79696,0.79729,1.45,1.64
2012.08.17 12:08:24.536,0.79696,0.79729,1.45,1.64
2012.08.17 12:08:24.647,0.79696,0.79729,1.45,1.41
2012.08.17 12:08:24.766,0.79696,0.79729,1.45,1.41
2012.08.17 12:08:25.625,0.79696,0.79729,1.45,1.64
2012.08.17 12:08:26.263,0.79696,0.79729,1.45,1.64
2012.08.17 12:08:29.563,0.79697,0.79728,1.22,2.01
2012.08.17 12:08:30.974,0.79697,0.79728,1.60,2.01
2012.08.17 12:08:31.533,0.79697,0.79728,1.60,2.01
2012.08.17 12:08:41.058,0.79696,0.79729,1.82,1.64
2012.08.17 12:08:41.446,0.79696,0.79729,1.82,1.64
2012.08.17 12:08:41.675,0.79696,0.79729,1.82,1.64
2012.08.17 12:08:42.260,0.79696,0.79729,1.60,1.64
2012.08.17 12:08:42.738,0.79697,0.79725,1.22,1.26
2012.08.17 12:08:42.805,0.79697,0.79725,1.22,1.26
2012.08.17 12:08:43.372,0.79694,0.79724,1.60,1.26
2012.08.17 12:08:44.348,0.79696,0.79729,1.07,1.64
2012.08.17 12:08:45.700,0.79696,0.79729,1.45,1.26
2012.08.17 12:08:49.410,0.797,0.79733,1.22,2.39
2012.08.17 12:08:49.556,0.79702,0.79733,1.22,2.01
2012.08.17 12:08:50.729,0.79702,0.79733,1.22,1.64
2012.08.17 12:08:51.002,0.79703,0.79734,1.22,1.26
2012.08.17 12:08:53.413,0.79701,0.79734,1.22,1.64
2012.08.17 12:08:53.703,0.79701,0.79734,1.22,1.64
2012.08.17 12:08:53.923,0.79701,0.79734,1.22,1.64
2012.08.17 12:08:54.149,0.79701,0.79734,1.22,1.64
2012.08.17 12:08:55.245,0.79701,0.79736,1.97,1.26
2012.08.17 12:08:55.915,0.79701,0.79736,1.97,1.26
2012.08.17 12:08:56.342,0.79701,0.79737,1.22,2.01
2012.08.17 12:08:56.873,0.79701,0.79737,1.22,2.01
2012.08.17 12:08:59.988,0.79702,0.79733,1.22,1.64
2012.08.17 12:09:00.507,0.79702,0.79733,1.22,1.64
2012.08.17 12:09:01.683,0.79702,0.79735,1.22,2.01
2012.08.17 12:09:02.051,0.79707,0.79738,1.45,1.41
2012.08.17 12:09:05.515,0.79709,0.79741,1.45,1.86
2012.08.17 12:09:05.735,0.79706,0.79739,1.45,1.41
2012.08.17 12:09:06.065,0.79704,0.79738,1.45,2.24
2012.08.17 12:09:10.967,0.79702,0.79735,1.35,1.04
2012.08.17 12:09:11.078,0.79701,0.79733,1.22,2.01
2012.08.17 12:09:11.795,0.79695,0.79728,1.22,1.26
2012.08.17 12:09:15.290,0.79702,0.79736,1.45,1.04
2012.08.17 12:09:15.618,0.79704,0.79738,1.07,1.64
2012.08.17 12:09:21.193,0.79704,0.79738,1.07,1.64
2012.08.17 12:09:21.251,0.79708,0.79739,1.07,1.35
2012.08.17 12:09:21.577,0.79715,0.79744,1.07,1.13
2012.08.17 12:09:25.433,0.79721,0.7975,1.45,1.04
2012.08.17 12:09:28.240,0.79725,0.79756,1.07,1.33
2012.08.17 12:09:28.743,0.79731,0.79761,1.07,1.04
2012.08.17 12:09:30.789,0.79729,0.79758,1.45,1.04
2012.08.17 12:09:30.847,0.79729,0.79758,1.45,1.04
2012.08.17 12:09:33.868,0.79727,0.79758,1.22,1.26
2012.08.17 12:09:34.588,0.79725,0.79758,1.07,1.64
2012.08.17 12:09:34.704,0.79725,0.79756,1.07,1.26
2012.08.17 12:09:35.638,0.79725,0.79755,1.07,1.04
2012.08.17 12:09:36.413,0.79723,0.79758,1.07,1.64
2012.08.17 12:09:37.375,0.79728,0.79758,1.07,1.04
2012.08.17 12:09:37.678,0.79728,0.7976,1.07,1.13
2012.08.17 12:09:39.674,0.79729,0.79758,1.07,1.04
2012.08.17 12:09:39.789,0.79729,0.79758,1.07,1.04
2012.08.17 12:09:40.623,0.79729,0.79758,1.07,1.04
2012.08.17 12:09:41.022,0.79726,0.79754,1.07,1.04
2012.08.17 12:09:41.562,0.79725,0.79754,1.07,1.04
2012.08.17 12:09:42.229,0.79721,0.79754,1.45,1.79
2012.08.17 12:09:42.344,0.79721,0.79752,1.45,1.04
2012.08.17 12:09:42.402,0.79721,0.79752,1.22,1.26
2012.08.17 12:09:42.539,0.79722,0.79754,1.73,1.41
2012.08.17 12:09:42.597,0.79726,0.79754,1.07,1.41
2012.08.17 12:09:42.674,0.79726,0.79752,1.07,1.41
2012.08.17 12:09:42.732,0.79726,0.79751,1.07,1.04
2012.08.17 12:09:44.194,0.7972,0.7975,1.07,1.04
2012.08.17 12:09:44.934,0.7972,0.7975,1.07,1.04
2012.08.17 12:09:44.993,0.7972,0.79753,1.07,1.26
2012.08.17 12:09:45.106,0.79721,0.79753,1.07,1.04
2012.08.17 12:09:45.548,0.79725,0.79753,1.07,1.04
2012.08.17 12:09:50.315,0.79727,0.79758,1.45,1.04
2012.08.17 12:09:50.385,0.79725,0.79754,1.67,1.04
2012.08.17 12:09:50.815,0.79726,0.79759,1.45,1.41
2012.08.17 12:09:54.665,0.79731,0.79764,1.22,2.24
2012.08.17 12:09:55.214,0.79731,0.79764,1.22,2.24
2012.08.17 12:09:56.765,0.79728,0.79759,1.45,1.04
2012.08.17 12:09:57.147,0.79734,0.79763,1.22,1.26
2012.08.17 12:09:57.259,0.79736,0.79765,1.07,1.04
2012.08.17 12:09:57.461,0.79736,0.79763,1.07,1.04
2012.08.17 12:09:57.657,0.79732,0.79763,2.20,1.26
2012.08.17 12:09:57.716,0.79734,0.79766,1.22,1.86
2012.08.17 12:09:57.829,0.79736,0.79766,1.22,1.86
2012.08.17 12:09:58.024,0.79731,0.79764,1.60,1.64
2012.08.17 12:10:00.629,0.79731,0.79764,1.45,1.41
2012.08.17 12:10:01.014,0.79729,0.79759,1.45,1.04
2012.08.17 12:10:01.274,0.79731,0.79764,1.60,1.64
2012.08.17 12:10:01.388,0.79733,0.79759,1.07,1.04
2012.08.17 12:10:01.658,0.79734,0.79767,1.22,1.26
2012.08.17 12:10:02.322,0.79736,0.79767,1.35,1.26
2012.08.17 12:10:02.565,0.79744,0.79774,1.07,1.04
2012.08.17 12:10:02.721,0.79744,0.79774,1.07,1.04
2012.08.17 12:10:02.922,0.79744,0.79776,1.07,1.26
2012.08.17 12:10:03.212,0.79747,0.79774,1.07,1.04
2012.08.17 12:10:03.442,0.79743,0.79775,2.20,1.41
2012.08.17 12:10:03.501,0.79743,0.79778,2.20,1.64
2012.08.17 12:10:04.112,0.79747,0.79774,1.07,1.04
2012.08.17 12:10:04.279,0.79747,0.79779,1.07,1.79
2012.08.17 12:10:04.657,0.79748,0.79779,1.07,1.04
2012.08.17 12:10:05.215,0.79744,0.79773,1.07,1.04
2012.08.17 12:10:05.794,0.79744,0.79778,1.07,1.41
2012.08.17 12:10:06.315,0.79747,0.79775,1.07,1.04
2012.08.17 12:10:06.518,0.79747,0.79777,1.07,1.13
2012.08.17 12:10:06.578,0.79751,0.79779,1.22,1.41
2012.08.17 12:10:06.638,0.79752,0.79785,1.22,1.35
2012.08.17 12:10:06.805,0.79759,0.79789,1.07,1.04
2012.08.17 12:10:09.908,0.79757,0.79789,1.07,1.35
2012.08.17 12:10:10.021,0.79757,0.79788,1.07,1.04
2012.08.17 12:10:12.229,0.79755,0.79787,1.45,1.04
2012.08.17 12:10:12.449,0.79755,0.79787,1.45,1.04
2012.08.17 12:10:14.715,0.79755,0.79785,1.45,1.04
2012.08.17 12:10:16.826,0.79753,0.79785,1.07,1.41
2012.08.17 12:10:17.048,0.79754,0.79786,1.07,1.04
2012.08.17 12:10:18.245,0.79754,0.79784,1.07,1.04
2012.08.17 12:10:18.475,0.79752,0.79781,1.07,1.04
2012.08.17 12:10:25.497,0.7975,0.7978,1.07,1.04
2012.08.17 12:10:27.681,0.79752,0.79783,1.22,1.64
2012.08.17 12:10:27.826,0.7975,0.7978,1.07,1.04
2012.08.17 12:10:28.467,0.79752,0.79783,1.22,1.64
2012.08.17 12:10:29.902,0.7975,0.7978,1.07,1.04
2012.08.17 12:10:36.723,0.7975,0.7978,1.07,1.04
2012.08.17 12:10:36.835,0.7975,0.7978,1.07,1.04
2012.08.17 12:10:46.228,0.79745,0.79778,1.67,1.13
2012.08.17 12:10:46.604,0.79752,0.79782,1.22,2.01
2012.08.17 12:10:46.664,0.79752,0.79783,1.22,2.24
2012.08.17 12:10:46.724,0.79753,0.79783,1.07,1.41
2012.08.17 12:10:47.035,0.79756,0.79787,1.07,1.04
2012.08.17 12:10:47.567,0.79754,0.79786,1.07,1.41
2012.08.17 12:10:47.896,0.79758,0.79791,1.45,1.26
2012.08.17 12:10:47.955,0.79758,0.79791,1.45,1.26
2012.08.17 12:10:48.123,0.79758,0.79789,1.45,1.26
2012.08.17 12:10:51.427,0.79749,0.79782,1.67,1.04
2012.08.17 12:10:55.513,0.79749,0.7978,1.67,1.04
2012.08.17 12:10:55.780,0.79749,0.79778,1.30,1.13
2012.08.17 12:10:55.839,0.79748,0.79778,1.07,1.41
2012.08.17 12:10:56.384,0.79746,0.79779,1.22,1.64
2012.08.17 12:11:01.043,0.79746,0.79779,1.60,1.64
2012.08.17 12:11:05.616,0.79746,0.79779,1.60,1.64
2012.08.17 12:11:08.280,0.79745,0.79776,1.07,1.04
2012.08.17 12:11:08.704,0.79749,0.79778,1.07,1.04
2012.08.17 12:11:09.693,0.79745,0.79776,1.97,1.04
2012.08.17 12:11:09.753,0.79747,0.79778,1.60,1.26
2012.08.17 12:11:09.958,0.79745,0.79776,1.22,1.04
2012.08.17 12:11:11.598,0.79745,0.79778,1.22,1.26
2012.08.17 12:11:11.801,0.79747,0.79778,1.07,1.04
2012.08.17 12:11:12.108,0.79745,0.79777,1.22,1.26
2012.08.17 12:11:12.168,0.79745,0.79779,1.22,2.01
2012.08.17 12:11:12.227,0.79745,0.79779,1.22,1.73
2012.08.17 12:11:12.340,0.79747,0.79779,1.07,1.50
2012.08.17 12:11:13.044,0.79748,0.79779,1.07,1.41
2012.08.17 12:11:14.105,0.79748,0.79779,1.07,1.13
2012.08.17 12:11:14.648,0.79747,0.79779,1.07,1.41
2012.08.17 12:11:16.499,0.79749,0.79784,1.22,1.64
2012.08.17 12:11:16.717,0.79751,0.79784,1.22,1.26
2012.08.17 12:11:16.776,0.79751,0.79784,1.45,1.04
2012.08.17 12:11:17.437,0.79752,0.79788,1.45,1.64
2012.08.17 12:11:18.633,0.79753,0.79785,1.07,1.04
2012.08.17 12:11:18.698,0.79753,0.79783,1.07,1.04
2012.08.17 12:11:19.166,0.79752,0.79785,1.97,1.26
2012.08.17 12:11:19.506,0.79753,0.79789,1.07,1.64
2012.08.17 12:11:20.087,0.79754,0.79789,1.07,1.64
2012.08.17 12:11:20.748,0.79754,0.79789,1.07,1.64
2012.08.17 12:11:22.906,0.79754,0.79785,1.07,1.04
2012.08.17 12:11:23.018,0.79754,0.79784,1.07,1.04
2012.08.17 12:11:24.230,0.79749,0.79781,1.45,1.04
2012.08.17 12:11:24.549,0.79749,0.79782,1.22,1.26
2012.08.17 12:11:24.662,0.79751,0.79784,1.60,1.64
2012.08.17 12:11:25.648,0.79751,0.79784,1.60,1.26
2012.08.17 12:11:26.773,0.7975,0.7978,1.07,1.04
2012.08.17 12:11:27.208,0.79747,0.79778,1.60,1.26
2012.08.17 12:11:28.318,0.79745,0.79775,1.67,1.04
2012.08.17 12:11:29.092,0.79747,0.79778,1.60,1.26
2012.08.17 12:11:30.075,0.79751,0.79784,1.97,1.26
2012.08.17 12:11:30.133,0.79751,0.79784,2.20,1.04
2012.08.17 12:11:30.192,0.79751,0.79784,1.45,1.04
2012.08.17 12:11:30.941,0.7975,0.79784,1.07,1.64
2012.08.17 12:11:35.476,0.79751,0.79784,1.22,1.64
2012.08.17 12:11:35.601,0.79751,0.79784,1.22,1.64
2012.08.17 12:11:36.450,0.79751,0.79781,1.22,1.26
2012.08.17 12:11:38.747,0.79752,0.79781,1.07,1.04
2012.08.17 12:11:38.987,0.79752,0.79784,1.07,1.04
2012.08.17 12:11:40.141,0.79752,0.79783,1.07,1.04
2012.08.17 12:11:41.842,0.7975,0.79783,1.07,1.04
2012.08.17 12:11:41.977,0.7975,0.79781,1.07,1.04
2012.08.17 12:11:43.300,0.79748,0.79781,1.07,1.26
2012.08.17 12:11:45.651,0.79748,0.7978,1.07,1.04
2012.08.17 12:11:47.434,0.79749,0.79783,1.07,1.64
2012.08.17 12:11:49.718,0.79749,0.7978,1.07,1.04
2012.08.17 12:11:52.366,0.79747,0.7978,1.07,1.26
2012.08.17 12:11:52.427,0.79747,0.79779,1.07,1.26
2012.08.17 12:11:52.488,0.79746,0.79778,1.07,1.26
2012.08.17 12:11:52.795,0.79746,0.7978,1.07,1.64
2012.08.17 12:11:56.587,0.79747,0.79779,1.07,1.64
2012.08.17 12:11:58.168,0.79747,0.7978,1.07,1.64
2012.08.17 12:11:58.408,0.79747,0.79777,1.07,1.04
2012.08.17 12:11:58.982,0.79747,0.79777,1.07,1.04
2012.08.17 12:11:59.318,0.79742,0.79775,1.07,1.35
2012.08.17 12:11:59.387,0.79742,0.79773,1.07,1.04
2012.08.17 12:12:02.276,0.7974,0.79768,1.07,1.04
2012.08.17 12:12:03.028,0.79739,0.79768,1.22,1.04
2012.08.17 12:12:04.187,0.79738,0.79768,1.07,1.04
2012.08.17 12:12:04.988,0.79735,0.79768,1.07,1.04
2012.08.17 12:12:05.048,0.79735,0.79766,1.07,1.04
2012.08.17 12:12:05.161,0.79734,0.79768,1.07,1.26
2012.08.17 12:12:05.220,0.79735,0.79768,1.07,1.04
2012.08.17 12:12:05.660,0.79735,0.79769,1.07,1.41
2012.08.17 12:12:06.107,0.79741,0.79774,1.45,2.01
2012.08.17 12:12:06.409,0.79742,0.79774,1.07,1.13
2012.08.17 12:12:06.467,0.79743,0.79775,1.07,1.13
2012.08.17 12:12:08.536,0.79739,0.79773,1.07,1.13
2012.08.17 12:12:08.648,0.79739,0.7977,1.07,1.26
2012.08.17 12:12:11.496,0.79737,0.79768,1.82,1.04
2012.08.17 12:12:12.217,0.79737,0.79769,1.07,1.04
2012.08.17 12:12:12.681,0.79738,0.79769,1.07,1.04
2012.08.17 12:12:12.794,0.79734,0.79766,1.07,1.13
2012.08.17 12:12:12.906,0.79734,0.79766,1.07,1.13
2012.08.17 12:12:13.119,0.79731,0.7976,1.22,1.26
2012.08.17 12:12:13.178,0.79728,0.7976,1.45,1.64
2012.08.17 12:12:13.312,0.79728,0.79758,1.07,1.04
2012.08.17 12:12:13.714,0.79726,0.79756,1.22,1.26
2012.08.17 12:12:16.237,0.79721,0.79756,2.95,1.26
2012.08.17 12:12:19.927,0.79726,0.79759,1.22,1.64
2012.08.17 12:12:20.043,0.79726,0.79762,1.22,1.26
2012.08.17 12:12:32.091,0.79726,0.79759,1.82,1.13
2012.08.17 12:12:32.292,0.79727,0.79763,1.45,2.76
2012.08.17 12:12:32.919,0.79725,0.79759,1.07,1.64
2012.08.17 12:12:33.223,0.79728,0.79759,1.07,1.04
2012.08.17 12:12:33.283,0.79728,0.79764,1.07,3.14
2012.08.17 12:12:36.689,0.79731,0.79764,1.22,1.64
2012.08.17 12:12:37.009,0.79731,0.79764,1.22,1.64
2012.08.17 12:12:41.231,0.79727,0.7976,1.07,1.04
2012.08.17 12:12:41.350,0.79725,0.79759,1.22,1.26
2012.08.17 12:12:45.533,0.79727,0.79762,1.22,1.26
2012.08.17 12:12:48.624,0.79727,0.79758,1.22,1.64
2012.08.17 12:12:54.042,0.79722,0.79754,1.82,1.41
2012.08.17 12:12:54.628,0.79727,0.79758,1.22,1.64
2012.08.17 12:12:55.529,0.79727,0.79758,1.22,1.64
2012.08.17 12:12:56.559,0.79722,0.79754,1.82,1.04
2012.08.17 12:12:57.339,0.79721,0.79757,2.42,1.26
2012.08.17 12:12:57.799,0.79721,0.79755,1.82,2.01
2012.08.17 12:13:00.189,0.79718,0.79754,1.07,1.64
2012.08.17 12:13:02.949,0.79716,0.7975,2.20,1.26
2012.08.17 12:13:03.950,0.79717,0.79753,1.22,1.26
2012.08.17 12:13:05.593,0.79717,0.79753,1.22,1.26
2012.08.17 12:13:06.338,0.79716,0.79752,2.20,2.01
2012.08.17 12:13:08.038,0.79717,0.79752,1.22,1.26
2012.08.17 12:13:08.129,0.79717,0.79752,1.22,1.26
2012.08.17 12:13:08.482,0.79727,0.79758,1.22,1.26
2012.08.17 12:13:08.595,0.79725,0.79758,1.45,1.26
2012.08.17 12:13:08.842,0.79722,0.79752,1.22,1.26
2012.08.17 12:13:10.358,0.79718,0.79751,1.22,2.01
2012.08.17 12:13:11.109,0.79718,0.79751,1.22,1.26
2012.08.17 12:13:15.605,0.79718,0.79754,1.60,2.01
2012.08.17 12:13:31.986,0.79722,0.79754,1.22,2.01
2012.08.17 12:13:32.302,0.79722,0.79753,1.22,1.64
2012.08.17 12:13:32.455,0.79722,0.79753,1.22,1.64
2012.08.17 12:13:32.572,0.79722,0.7975,1.22,2.01
2012.08.17 12:13:32.686,0.79713,0.79749,1.22,2.01
2012.08.17 12:13:33.194,0.79711,0.79749,1.60,2.39
2012.08.17 12:13:35.589,0.79716,0.79747,1.22,1.26
2012.08.17 12:13:36.689,0.79712,0.79747,1.22,1.26
2012.08.17 12:13:36.909,0.79714,0.79749,1.07,1.64
2012.08.17 12:13:37.138,0.79712,0.79749,1.22,1.64
2012.08.17 12:13:37.196,0.79712,0.79749,1.22,1.64
2012.08.17 12:13:38.428,0.79716,0.79747,1.22,2.01
2012.08.17 12:13:38.562,0.79716,0.79747,1.22,2.01
2012.08.17 12:13:38.621,0.79717,0.79751,1.22,1.26
2012.08.17 12:13:38.834,0.79717,0.79751,1.45,1.26
2012.08.17 12:13:45.651,0.79717,0.79751,1.45,1.26
2012.08.17 12:13:48.208,0.79717,0.79748,1.45,1.26
2012.08.17 12:13:48.322,0.79717,0.79748,1.22,1.26
2012.08.17 12:13:48.521,0.79717,0.79748,1.22,1.04
2012.08.17 12:13:49.501,0.79715,0.79748,1.22,1.64
2012.08.17 12:13:51.265,0.79713,0.79748,2.35,1.26
2012.08.17 12:13:51.323,0.79717,0.79748,1.07,1.26
2012.08.17 12:13:53.329,0.79717,0.79752,2.20,1.49
2012.08.17 12:13:55.945,0.79717,0.79749,1.22,1.86
2012.08.17 12:13:56.111,0.79716,0.79749,1.97,1.86
2012.08.17 12:13:56.244,0.79712,0.79749,1.45,2.24
2012.08.17 12:13:59.562,0.79716,0.79749,1.45,1.49
2012.08.17 12:13:59.624,0.79716,0.79749,1.45,1.49
2012.08.17 12:14:01.170,0.79716,0.79749,1.82,1.11
2012.08.17 12:14:01.707,0.79719,0.79754,1.22,1.64
2012.08.17 12:14:01.767,0.79719,0.79748,1.22,1.26
2012.08.17 12:14:01.933,0.79719,0.79748,1.22,1.26
2012.08.17 12:14:02.046,0.79719,0.79754,1.22,1.64
2012.08.17 12:14:02.594,0.79721,0.79749,1.97,1.04
2012.08.17 12:14:02.921,0.79715,0.79743,1.45,1.04
2012.08.17 12:14:03.281,0.79715,0.79743,1.22,1.26
2012.08.17 12:14:05.667,0.79712,0.79743,2.72,1.26
2012.08.17 12:14:07.695,0.79712,0.79743,1.97,1.26
2012.08.17 12:14:12.521,0.79713,0.79743,1.97,1.26
2012.08.17 12:14:13.026,0.79713,0.79742,1.97,1.04
2012.08.17 12:14:13.563,0.79712,0.79745,1.22,1.11
2012.08.17 12:14:15.627,0.79712,0.79745,1.22,1.49
2012.08.17 12:14:17.321,0.79713,0.79745,1.07,1.26
2012.08.17 12:14:17.875,0.79713,0.79748,1.45,1.64
2012.08.17 12:14:18.041,0.79713,0.79748,1.45,1.64
2012.08.17 12:14:18.261,0.79713,0.79743,1.22,1.26
2012.08.17 12:14:19.071,0.79709,0.79743,2.05,1.26
2012.08.17 12:14:19.675,0.79709,0.7974,1.45,1.26
2012.08.17 12:14:19.858,0.79709,0.79743,1.45,2.01
2012.08.17 12:14:19.917,0.79709,0.7974,1.07,2.01
2012.08.17 12:14:20.560,0.79708,0.79743,1.07,1.64
2012.08.17 12:14:23.874,0.79709,0.7974,1.07,1.26
2012.08.17 12:14:24.059,0.79709,0.7974,1.07,1.26
2012.08.17 12:14:24.118,0.79706,0.79739,1.07,1.41
2012.08.17 12:14:26.750,0.79708,0.79744,1.07,2.76
2012.08.17 12:14:26.976,0.79706,0.79741,1.82,2.01
2012.08.17 12:14:27.416,0.79706,0.7973,1.35,1.04
2012.08.17 12:14:27.476,0.79703,0.7973,1.07,1.26
2012.08.17 12:14:27.535,0.79696,0.7973,1.60,1.26
2012.08.17 12:14:27.679,0.79696,0.7973,1.82,1.26
2012.08.17 12:14:27.739,0.79696,0.7973,1.82,1.26
2012.08.17 12:14:27.957,0.79696,0.79729,1.07,1.41
2012.08.17 12:14:30.383,0.79699,0.79734,1.07,2.24
2012.08.17 12:14:33.126,0.79702,0.79734,1.60,1.11
2012.08.17 12:14:33.197,0.79702,0.79734,1.60,1.11
2012.08.17 12:14:33.749,0.79706,0.79739,1.60,2.01
2012.08.17 12:14:33.916,0.79709,0.79743,1.07,1.86
2012.08.17 12:14:35.616,0.79709,0.79743,1.07,1.86
2012.08.17 12:14:35.729,0.79711,0.79743,1.22,1.49
2012.08.17 12:14:36.056,0.79711,0.79741,1.45,1.04
2012.08.17 12:14:36.116,0.79711,0.79744,2.20,1.64
2012.08.17 12:14:36.757,0.79711,0.79741,1.45,1.04
2012.08.17 12:14:38.163,0.79712,0.79743,1.45,1.41
2012.08.17 12:14:38.681,0.79711,0.79741,1.45,1.04
2012.08.17 12:14:39.166,0.79711,0.79744,2.20,1.64
2012.08.17 12:14:45.016,0.79711,0.79744,1.82,2.01
2012.08.17 12:14:45.138,0.79711,0.79738,1.07,1.04
2012.08.17 12:14:45.230,0.79708,0.79738,1.22,1.04
2012.08.17 12:14:45.841,0.79707,0.79736,1.07,1.04
2012.08.17 12:14:46.411,0.79705,0.79734,1.22,1.41
2012.08.17 12:14:46.796,0.79706,0.79734,1.22,1.64
2012.08.17 12:14:47.624,0.79706,0.79734,1.22,1.64
2012.08.17 12:14:47.774,0.79701,0.79733,1.22,1.26
2012.08.17 12:14:49.976,0.79703,0.79733,1.07,1.04
2012.08.17 12:14:50.153,0.79703,0.79734,1.07,1.26
2012.08.17 12:14:50.708,0.79703,0.79734,1.07,1.26
2012.08.17 12:14:51.274,0.79706,0.79738,1.45,1.26
2012.08.17 12:14:51.603,0.79697,0.79726,1.50,1.26
2012.08.17 12:14:51.824,0.79698,0.79724,1.45,1.04
2012.08.17 12:14:51.884,0.79696,0.79724,1.07,1.04
2012.08.17 12:14:51.968,0.79696,0.79726,1.07,1.04
2012.08.17 12:14:53.667,0.79701,0.79733,1.22,1.64
2012.08.17 12:14:54.138,0.79693,0.79724,1.22,2.01
2012.08.17 12:14:54.532,0.79691,0.79722,1.50,2.61
2012.08.17 12:14:55.714,0.79694,0.79722,1.22,1.49
2012.08.17 12:14:55.774,0.79693,0.79722,1.22,1.26
2012.08.17 12:14:55.832,0.79693,0.79722,1.22,1.26
2012.08.17 12:14:55.946,0.79692,0.79723,1.73,1.41
2012.08.17 12:14:56.640,0.79692,0.79718,1.50,1.49
2012.08.17 12:14:57.905,0.79687,0.79718,1.50,2.24
2012.08.17 12:14:58.484,0.79687,0.79714,1.50,1.26
2012.08.17 12:14:58.799,0.79684,0.79714,2.65,2.01
2012.08.17 12:14:59.598,0.79684,0.79707,2.65,1.04
2012.08.17 12:14:59.932,0.79677,0.79703,1.13,2.01
2012.08.17 12:15:00.302,0.79681,0.79707,1.13,1.26
2012.08.17 12:15:00.362,0.79681,0.79707,1.13,1.26
2012.08.17 12:15:00.641,0.79683,0.7971,1.13,2.01
2012.08.17 12:15:00.754,0.79681,0.79714,1.60,2.01
2012.08.17 12:15:00.932,0.79683,0.79714,1.07,2.01
2012.08.17 12:15:01.164,0.79685,0.79714,1.22,1.26
2012.08.17 12:15:01.695,0.79686,0.79717,1.22,1.64
2012.08.17 12:15:01.783,0.79686,0.79717,1.22,1.64
2012.08.17 12:15:02.189,0.79689,0.79717,1.22,1.26
2012.08.17 12:15:02.409,0.79686,0.79717,1.22,1.26
2012.08.17 12:15:03.864,0.79684,0.79718,1.07,2.76
2012.08.17 12:15:03.924,0.79684,0.79718,1.07,2.76
2012.08.17 12:15:05.403,0.79684,0.79716,1.22,2.01
2012.08.17 12:15:05.707,0.79689,0.79723,1.45,1.04
2012.08.17 12:15:07.506,0.79691,0.79727,1.60,2.01
2012.08.17 12:15:07.618,0.79691,0.79727,1.82,2.01
2012.08.17 12:15:07.848,0.79696,0.79729,1.82,1.86
2012.08.17 12:15:15.523,0.79702,0.7973,1.22,1.26
2012.08.17 12:15:16.134,0.79701,0.79733,1.22,2.01
2012.08.17 12:15:16.395,0.79702,0.79736,1.45,1.26
2012.08.17 12:15:18.222,0.79702,0.79736,1.45,1.26
2012.08.17 12:15:19.279,0.79702,0.79736,1.45,1.26
2012.08.17 12:15:19.342,0.79701,0.79734,1.45,2.01
2012.08.17 12:15:29.378,0.79696,0.79729,1.07,1.64
2012.08.17 12:15:29.497,0.797,0.79733,1.07,2.01
2012.08.17 12:15:29.985,0.797,0.79733,1.07,2.01
2012.08.17 12:15:30.343,0.79697,0.79727,1.22,1.26
2012.08.17 12:15:30.673,0.79697,0.7973,1.22,1.26
2012.08.17 12:15:35.559,0.79697,0.7973,1.22,1.26
2012.08.17 12:15:43.748,0.79697,0.79732,1.22,2.01
2012.08.17 12:15:44.133,0.79697,0.79732,1.22,2.01
2012.08.17 12:15:45.055,0.79701,0.79732,1.22,2.01
2012.08.17 12:15:45.627,0.79701,0.79732,1.22,1.26
2012.08.17 12:15:46.053,0.79701,0.79732,1.22,1.26
2012.08.17 12:15:46.319,0.79702,0.79733,1.07,1.50
2012.08.17 12:15:46.505,0.79703,0.79739,1.07,1.64
2012.08.17 12:15:46.826,0.79703,0.79738,1.07,1.41
2012.08.17 12:15:47.368,0.79702,0.79738,1.97,1.64
2012.08.17 12:15:47.894,0.79703,0.79734,1.07,1.26
2012.08.17 12:15:50.123,0.79703,0.79734,1.07,1.26
2012.08.17 12:15:50.461,0.79702,0.79735,1.22,1.26
2012.08.17 12:15:50.872,0.79702,0.79735,1.45,1.04
2012.08.17 12:15:50.935,0.79702,0.79737,1.60,1.49
2012.08.17 12:15:53.539,0.79707,0.79737,1.22,1.26
2012.08.17 12:15:54.029,0.79707,0.79737,1.22,1.26
2012.08.17 12:15:54.358,0.79701,0.79734,1.97,1.26
2012.08.17 12:15:56.282,0.79705,0.79736,1.22,2.01
2012.08.17 12:15:56.804,0.79701,0.79734,1.22,1.64
2012.08.17 12:15:57.096,0.79701,0.79734,1.22,1.64
2012.08.17 12:15:58.193,0.79701,0.79734,1.22,1.35
2012.08.17 12:15:58.359,0.79706,0.7974,1.45,1.64
2012.08.17 12:15:58.418,0.79706,0.7974,1.45,1.64
2012.08.17 12:15:58.570,0.79706,0.7974,1.45,1.64
2012.08.17 12:15:59.002,0.79706,0.7974,1.45,1.64
2012.08.17 12:15:59.546,0.79702,0.79733,1.45,1.04
2012.08.17 12:15:59.845,0.79702,0.79733,1.22,1.26
2012.08.17 12:16:00.564,0.79702,0.79732,1.22,1.26
2012.08.17 12:16:01.662,0.79705,0.79736,1.22,1.86
2012.08.17 12:16:02.184,0.79707,0.7974,1.22,1.26
2012.08.17 12:16:07.036,0.79707,0.79734,1.22,1.04
2012.08.17 12:16:07.224,0.79702,0.79734,1.07,1.04
2012.08.17 12:16:08.304,0.79706,0.79736,1.22,1.79
2012.08.17 12:16:08.646,0.7971,0.79739,1.07,1.13
2012.08.17 12:16:09.305,0.79712,0.79743,1.45,1.04
2012.08.17 12:16:09.373,0.79711,0.79741,1.07,1.04
2012.08.17 12:16:10.250,0.79713,0.79742,1.07,1.04
2012.08.17 12:16:10.324,0.79711,0.79739,1.82,1.04
2012.08.17 12:16:10.386,0.79711,0.79741,1.82,1.04
2012.08.17 12:16:10.504,0.79713,0.79744,1.07,1.04
2012.08.17 12:16:10.724,0.79711,0.7974,1.82,1.04
2012.08.17 12:16:10.939,0.79711,0.79739,1.82,1.04
2012.08.17 12:16:11.781,0.79712,0.79743,1.22,1.64
2012.08.17 12:16:11.959,0.79712,0.79743,2.72,1.26
2012.08.17 12:16:12.017,0.79712,0.79743,2.72,1.26
2012.08.17 12:16:12.604,0.79713,0.79743,1.30,1.04
2012.08.17 12:16:12.672,0.79712,0.79743,1.45,1.41
2012.08.17 12:16:12.996,0.79707,0.79738,2.42,1.04
2012.08.17 12:16:13.218,0.79707,0.79744,1.07,1.41
2012.08.17 12:16:13.448,0.79713,0.79748,1.45,1.64
2012.08.17 12:16:13.802,0.79714,0.79744,1.07,1.04
2012.08.17 12:16:14.129,0.79713,0.79739,1.07,1.04
2012.08.17 12:16:14.241,0.79709,0.79739,1.45,1.04
2012.08.17 12:16:14.833,0.79711,0.79744,1.60,1.64
2012.08.17 12:16:14.893,0.79711,0.79744,1.60,1.64
2012.08.17 12:16:14.953,0.79711,0.79744,1.60,1.64
2012.08.17 12:16:15.425,0.79711,0.79739,1.07,1.04
2012.08.17 12:16:15.588,0.79711,0.7974,1.07,1.04
2012.08.17 12:16:16.546,0.79711,0.79741,1.07,1.04
2012.08.17 12:16:16.608,0.79711,0.79744,1.82,1.41
2012.08.17 12:16:17.091,0.79711,0.79738,1.07,1.04
2012.08.17 12:16:17.150,0.79707,0.79738,2.20,1.04
2012.08.17 12:16:17.415,0.79707,0.79738,1.82,1.04
2012.08.17 12:16:17.736,0.79707,0.79738,1.82,1.04
2012.08.17 12:16:18.330,0.79707,0.79738,1.82,1.04
2012.08.17 12:16:18.442,0.79707,0.79739,1.82,1.26
2012.08.17 12:16:19.730,0.79703,0.79739,1.07,2.76
2012.08.17 12:16:20.069,0.79711,0.79743,1.22,2.01
2012.08.17 12:16:20.130,0.79711,0.79743,1.22,2.01
2012.08.17 12:16:20.280,0.79711,0.79743,1.22,2.76
2012.08.17 12:16:20.573,0.79712,0.79743,1.22,1.26
2012.08.17 12:16:20.633,0.79712,0.79744,1.22,1.35
2012.08.17 12:16:20.808,0.79717,0.79746,1.22,1.41
2012.08.17 12:16:21.302,0.79712,0.79743,1.45,1.13
2012.08.17 12:16:21.365,0.79708,0.79744,1.30,1.64
2012.08.17 12:16:21.555,0.79712,0.79743,1.45,1.13
2012.08.17 12:16:21.831,0.79713,0.79744,1.07,1.04
2012.08.17 12:16:22.004,0.79713,0.79743,1.07,1.04
2012.08.17 12:16:22.352,0.79708,0.79741,1.30,1.41
2012.08.17 12:16:22.464,0.79708,0.79738,1.30,1.04
2012.08.17 12:16:22.621,0.79709,0.79743,1.45,2.01
2012.08.17 12:16:22.991,0.79707,0.79742,1.45,2.61
2012.08.17 12:16:23.406,0.79709,0.79742,1.45,2.61
2012.08.17 12:16:23.470,0.79706,0.79742,1.22,2.61
2012.08.17 12:16:23.531,0.79706,0.79739,1.45,2.01
2012.08.17 12:16:23.644,0.79702,0.79738,1.45,1.64
2012.08.17 12:16:23.831,0.79706,0.79739,1.22,2.01
2012.08.17 12:16:24.373,0.79706,0.79735,1.22,2.01
2012.08.17 12:16:24.924,0.79702,0.79738,1.60,2.01
2012.08.17 12:16:25.251,0.79702,0.79738,1.82,1.73
2012.08.17 12:16:25.693,0.79706,0.79742,1.60,2.61
2012.08.17 12:16:26.569,0.79706,0.79739,1.22,2.01
2012.08.17 12:16:26.919,0.79705,0.79738,1.07,1.73
2012.08.17 12:16:27.273,0.79712,0.79742,1.22,1.20
2012.08.17 12:16:27.331,0.79712,0.79743,1.22,1.20
2012.08.17 12:16:28.134,0.79712,0.79743,1.22,1.20
2012.08.17 12:16:28.200,0.79707,0.79743,1.07,2.33
2012.08.17 12:16:29.657,0.79712,0.79743,1.22,1.58
2012.08.17 12:16:30.074,0.79712,0.79743,1.22,1.58
2012.08.17 12:16:30.194,0.79716,0.79747,1.22,1.26
2012.08.17 12:16:30.601,0.79716,0.79754,2.57,1.64
2012.08.17 12:16:30.667,0.79718,0.79754,1.07,1.35
2012.08.17 12:16:30.893,0.79721,0.79754,1.45,1.64
2012.08.17 12:16:31.438,0.79721,0.79754,1.30,1.64
2012.08.17 12:16:31.551,0.79722,0.79758,1.60,1.73
2012.08.17 12:16:31.663,0.79725,0.79758,1.07,1.50
2012.08.17 12:16:32.432,0.79725,0.79757,1.07,1.13
2012.08.17 12:16:32.515,0.79726,0.79759,1.45,1.50
2012.08.17 12:16:32.628,0.79725,0.79757,1.07,1.13
2012.08.17 12:16:33.037,0.79725,0.79757,1.07,1.13
2012.08.17 12:16:38.639,0.79722,0.79755,1.45,1.26
2012.08.17 12:16:39.092,0.79724,0.79758,1.45,1.04
2012.08.17 12:16:39.675,0.79724,0.79759,1.45,1.64
2012.08.17 12:16:42.931,0.79724,0.79757,1.07,1.04
2012.08.17 12:16:43.456,0.79724,0.79757,2.20,1.04
2012.08.17 12:16:43.904,0.79727,0.79758,1.13,1.04
2012.08.17 12:16:44.396,0.79724,0.79757,2.20,1.04
2012.08.17 12:16:45.636,0.79725,0.79755,1.07,1.04
2012.08.17 12:16:46.804,0.79727,0.79758,1.22,1.04
2012.08.17 12:16:47.748,0.79723,0.79754,1.45,1.26
2012.08.17 12:16:48.355,0.79723,0.79752,1.45,1.04
2012.08.17 12:16:48.414,0.79723,0.79753,1.45,1.04
2012.08.17 12:16:48.574,0.79723,0.79753,1.45,1.26
2012.08.17 12:16:48.687,0.79722,0.79753,1.82,1.64
2012.08.17 12:16:49.167,0.79723,0.79756,1.35,2.01
2012.08.17 12:16:49.234,0.79722,0.79753,1.82,1.64
2012.08.17 12:16:49.357,0.79723,0.79756,1.35,2.01
2012.08.17 12:16:49.566,0.79722,0.79753,1.82,1.64
2012.08.17 12:16:50.437,0.79723,0.79754,1.35,1.26
2012.08.17 12:16:51.670,0.79722,0.79753,1.22,1.26
2012.08.17 12:16:52.069,0.7972,0.79755,1.82,1.49
2012.08.17 12:16:52.128,0.7972,0.79752,1.07,1.04
2012.08.17 12:16:52.683,0.79716,0.79748,1.97,1.26
2012.08.17 12:16:52.741,0.79717,0.7975,1.22,1.64
2012.08.17 12:16:52.853,0.7972,0.79752,1.22,1.26
2012.08.17 12:16:53.431,0.79718,0.7975,1.07,1.26
2012.08.17 12:16:54.192,0.79718,0.7975,1.07,1.26
2012.08.17 12:16:54.954,0.79718,0.7975,1.07,1.64
2012.08.17 12:16:55.549,0.79718,0.7975,1.07,1.35
2012.08.17 12:16:55.810,0.7972,0.79752,1.22,1.26
2012.08.17 12:16:57.233,0.79718,0.79751,1.07,2.01
2012.08.17 12:16:57.771,0.7972,0.79752,1.22,1.26
2012.08.17 12:16:58.114,0.79718,0.79751,1.07,1.73
2012.08.17 12:17:00.098,0.7972,0.79751,1.22,1.26
2012.08.17 12:17:00.898,0.79718,0.7975,1.07,1.26
2012.08.17 12:17:01.436,0.79717,0.7975,1.45,1.64
2012.08.17 12:17:02.334,0.7972,0.79754,1.22,2.76
2012.08.17 12:17:03.254,0.7972,0.79755,1.45,1.26
2012.08.17 12:17:03.784,0.79721,0.79755,1.45,1.26
2012.08.17 12:17:04.500,0.79721,0.79754,1.45,1.04
2012.08.17 12:17:05.431,0.79721,0.79754,1.45,1.04
2012.08.17 12:17:07.484,0.79719,0.79753,1.07,1.41
2012.08.17 12:17:07.924,0.79719,0.79753,1.07,1.41
2012.08.17 12:17:08.494,0.79721,0.79755,1.82,1.26
2012.08.17 12:17:08.599,0.79721,0.79755,1.82,1.26
2012.08.17 12:17:09.474,0.79721,0.79755,1.82,1.26
2012.08.17 12:17:10.024,0.79721,0.79755,1.82,1.26
2012.08.17 12:17:10.239,0.79721,0.79753,1.07,1.04
2012.08.17 12:17:10.357,0.79722,0.79755,1.22,1.26
2012.08.17 12:17:10.826,0.79722,0.79755,1.22,1.26
2012.08.17 12:17:10.938,0.79722,0.79755,1.22,1.26
2012.08.17 12:17:11.777,0.79722,0.79755,1.22,1.26
2012.08.17 12:17:11.844,0.79722,0.79755,1.22,1.26
2012.08.17 12:17:12.253,0.79722,0.79755,1.22,1.26
2012.08.17 12:17:12.593,0.79721,0.79754,1.07,1.41
2012.08.17 12:17:12.651,0.79722,0.79755,1.22,1.26
2012.08.17 12:17:13.673,0.79722,0.79755,1.22,1.26
2012.08.17 12:17:15.454,0.79719,0.79754,1.07,1.79
2012.08.17 12:17:16.228,0.79722,0.79754,1.22,1.04
2012.08.17 12:17:16.764,0.79722,0.79755,1.60,1.26
2012.08.17 12:17:17.764,0.79724,0.79757,1.22,1.26
2012.08.17 12:17:18.055,0.79724,0.79757,1.22,1.26
2012.08.17 12:17:18.673,0.79726,0.79757,1.82,1.04
2012.08.17 12:17:19.712,0.79726,0.79757,1.45,1.41
2012.08.17 12:17:20.265,0.79727,0.79757,1.07,1.04
2012.08.17 12:17:20.418,0.79727,0.79757,1.07,1.04
2012.08.17 12:17:20.858,0.79727,0.79757,1.07,1.04
2012.08.17 12:17:21.145,0.79727,0.79757,1.07,1.04
2012.08.17 12:17:21.366,0.79724,0.79757,1.22,1.64
2012.08.17 12:17:21.871,0.79726,0.79757,1.07,1.04
2012.08.17 12:17:26.030,0.79724,0.79757,1.22,1.64
2012.08.17 12:17:27.844,0.79722,0.79752,1.07,1.04
2012.08.17 12:17:27.903,0.7972,0.79749,1.07,1.04
2012.08.17 12:17:30.753,0.79718,0.79749,1.07,1.26
2012.08.17 12:17:31.109,0.79717,0.79748,1.22,1.64
2012.08.17 12:17:31.421,0.79714,0.79744,1.22,1.49
2012.08.17 12:17:31.587,0.79711,0.79744,1.60,2.24
2012.08.17 12:17:32.394,0.79711,0.79743,1.07,1.41
2012.08.17 12:17:33.067,0.79713,0.79743,1.07,1.04
2012.08.17 12:17:33.408,0.79712,0.79743,1.82,1.04
2012.08.17 12:17:34.673,0.79716,0.79748,1.22,1.26
2012.08.17 12:17:35.044,0.79717,0.79748,1.45,1.04
2012.08.17 12:17:35.210,0.79716,0.79749,2.05,1.04
2012.08.17 12:17:35.437,0.79722,0.7975,1.07,1.35
2012.08.17 12:17:35.746,0.79725,0.79757,1.07,1.04
2012.08.17 12:17:36.058,0.79725,0.79756,1.07,1.04
2012.08.17 12:17:36.428,0.79722,0.79753,1.30,1.04
2012.08.17 12:17:36.916,0.79722,0.79753,1.67,1.04
2012.08.17 12:17:37.617,0.79722,0.79757,1.45,1.04
2012.08.17 12:17:37.783,0.79717,0.79753,1.82,2.01
2012.08.17 12:17:37.850,0.79717,0.79753,1.82,2.01
2012.08.17 12:17:38.175,0.79717,0.79753,1.82,1.79
2012.08.17 12:17:38.233,0.79717,0.79753,1.82,2.01
2012.08.17 12:17:38.845,0.79717,0.7975,1.45,1.26
2012.08.17 12:17:38.959,0.79717,0.7975,2.05,1.26
2012.08.17 12:17:39.072,0.79721,0.79754,1.07,1.41
2012.08.17 12:17:41.402,0.79723,0.79755,1.07,1.04
2012.08.17 12:17:41.726,0.79726,0.79754,1.07,1.04
2012.08.17 12:17:44.623,0.79717,0.79753,2.80,1.64
2012.08.17 12:17:45.719,0.79723,0.79753,1.07,1.04
2012.08.17 12:17:48.556,0.79722,0.79753,1.07,1.04
2012.08.17 12:17:48.779,0.79722,0.7975,1.07,1.04
2012.08.17 12:17:49.439,0.79722,0.7975,1.07,1.04
2012.08.17 12:17:52.866,0.7972,0.7975,1.07,1.04
2012.08.17 12:17:52.967,0.79719,0.79746,1.07,1.04
2012.08.17 12:17:53.096,0.79718,0.79746,1.82,1.04
2012.08.17 12:17:53.598,0.79718,0.79744,1.07,1.04
2012.08.17 12:17:54.292,0.79716,0.79744,1.22,1.04
2012.08.17 12:17:55.651,0.79713,0.79744,1.07,1.04
2012.08.17 12:17:56.165,0.7971,0.79741,1.45,1.04
2012.08.17 12:17:57.041,0.7971,0.79743,1.45,1.26
2012.08.17 12:17:57.728,0.7971,0.79743,1.07,1.26
2012.08.17 12:18:00.286,0.79712,0.79744,1.07,1.26
2012.08.17 12:18:00.607,0.79716,0.79747,1.22,1.04
2012.08.17 12:18:03.695,0.79716,0.79749,1.60,1.64
2012.08.17 12:18:04.756,0.79715,0.79744,1.07,1.04
2012.08.17 12:18:06.478,0.79716,0.79749,1.22,1.64
2012.08.17 12:18:08.538,0.79715,0.79744,1.07,1.04
2012.08.17 12:18:10.175,0.79715,0.79744,1.07,1.04
2012.08.17 12:18:15.637,0.79716,0.79749,1.22,1.64
2012.08.17 12:18:21.920,0.79717,0.79748,1.22,1.35
2012.08.17 12:18:22.139,0.79722,0.79753,1.45,1.64
2012.08.17 12:18:22.519,0.79723,0.79751,1.07,1.04
2012.08.17 12:18:23.016,0.7972,0.79749,1.45,1.04
2012.08.17 12:18:23.697,0.7972,0.79753,1.45,1.64
2012.08.17 12:18:24.325,0.7972,0.79749,1.07,1.04
2012.08.17 12:18:24.437,0.79719,0.79749,1.07,1.04
2012.08.17 12:18:24.602,0.79714,0.79749,1.45,1.64
2012.08.17 12:18:25.881,0.79715,0.79749,1.22,1.26
2012.08.17 12:18:26.342,0.79717,0.79746,1.07,1.04
2012.08.17 12:18:26.756,0.79718,0.79746,1.07,1.04
2012.08.17 12:18:27.345,0.79718,0.79745,1.07,1.04
2012.08.17 12:18:29.506,0.79718,0.79748,1.07,1.04
2012.08.17 12:18:29.774,0.79715,0.79745,1.45,1.04
2012.08.17 12:18:30.476,0.79715,0.79748,1.45,1.26
2012.08.17 12:18:33.688,0.79719,0.79754,1.07,1.64
2012.08.17 12:18:35.492,0.79719,0.79754,1.07,1.64
2012.08.17 12:18:44.022,0.79722,0.79753,1.22,2.01
2012.08.17 12:18:44.080,0.79722,0.79753,1.22,2.01
2012.08.17 12:18:45.047,0.79722,0.79757,1.45,1.64
2012.08.17 12:18:45.588,0.79722,0.79757,1.45,1.64
2012.08.17 12:18:46.665,0.79722,0.79757,1.45,1.64
2012.08.17 12:18:46.836,0.79722,0.79756,1.07,1.04
2012.08.17 12:18:47.740,0.79725,0.79754,1.22,1.04
2012.08.17 12:18:47.852,0.79725,0.79754,1.22,1.04
2012.08.17 12:18:48.213,0.79727,0.79757,1.07,1.04
2012.08.17 12:18:48.368,0.79725,0.79757,1.22,1.26
2012.08.17 12:18:48.481,0.79727,0.79755,1.07,1.04
2012.08.17 12:18:50.301,0.79728,0.79755,1.07,1.04
2012.08.17 12:18:52.166,0.79728,0.79753,1.07,1.04
2012.08.17 12:18:53.703,0.79728,0.79757,1.07,1.04
2012.08.17 12:18:54.047,0.79728,0.79757,1.07,1.04
2012.08.17 12:18:54.901,0.79727,0.79757,1.07,1.04
2012.08.17 12:18:55.401,0.79727,0.79757,1.07,1.04
2012.08.17 12:18:56.006,0.79723,0.79757,1.07,1.64
2012.08.17 12:18:56.721,0.79727,0.79757,1.22,1.64
2012.08.17 12:19:00.248,0.79727,0.79756,1.07,1.04
2012.08.17 12:19:00.361,0.79726,0.79754,1.07,1.04
2012.08.17 12:19:02.890,0.79727,0.79757,1.60,1.26
2012.08.17 12:19:03.460,0.79723,0.79754,1.22,1.26
2012.08.17 12:19:03.770,0.79722,0.79754,1.22,1.64
2012.08.17 12:19:03.979,0.79722,0.79754,1.22,1.64
2012.08.17 12:19:04.090,0.79722,0.79754,1.45,1.41
2012.08.17 12:19:04.641,0.79724,0.79754,1.07,1.04
2012.08.17 12:19:05.633,0.79722,0.79756,1.60,1.26
2012.08.17 12:19:05.738,0.79722,0.79756,1.60,1.26
2012.08.17 12:19:05.978,0.79726,0.79757,1.07,1.04
2012.08.17 12:19:06.590,0.79726,0.79757,1.07,1.04
2012.08.17 12:19:08.054,0.79726,0.79757,1.07,1.04
2012.08.17 12:19:08.171,0.79726,0.79757,1.07,1.04
2012.08.17 12:19:08.378,0.79726,0.79757,1.07,1.04
2012.08.17 12:19:15.578,0.79727,0.79758,1.45,1.04
2012.08.17 12:19:16.687,0.79727,0.79757,1.45,1.04
2012.08.17 12:19:17.258,0.79726,0.79757,1.22,1.26
2012.08.17 12:19:18.445,0.79726,0.79757,1.22,1.26
2012.08.17 12:19:18.881,0.79726,0.79758,1.82,1.04
2012.08.17 12:19:19.099,0.79726,0.79757,1.82,1.04
2012.08.17 12:19:19.329,0.79729,0.79759,1.07,1.79
2012.08.17 12:19:19.657,0.79732,0.79764,1.07,2.16
2012.08.17 12:19:20.524,0.79732,0.79764,1.07,1.88
2012.08.17 12:19:27.297,0.79734,0.79764,1.07,1.50
2012.08.17 12:19:30.526,0.79741,0.79767,1.07,1.80
2012.08.17 12:19:30.586,0.79741,0.79768,1.07,1.13
2012.08.17 12:19:31.503,0.79741,0.79772,1.82,2.16
2012.08.17 12:19:31.900,0.79742,0.79772,1.07,2.16
2012.08.17 12:19:32.258,0.79745,0.79772,1.30,1.88
2012.08.17 12:19:33.838,0.79746,0.79774,1.26,1.13
2012.08.17 12:19:34.495,0.79746,0.79774,1.07,1.13
2012.08.17 12:19:35.181,0.79746,0.79774,1.07,1.13
2012.08.17 12:19:35.512,0.79746,0.79774,1.07,1.41
2012.08.17 12:19:35.749,0.79744,0.79774,1.22,1.13
2012.08.17 12:19:37.269,0.79747,0.79775,1.07,1.26
2012.08.17 12:19:37.327,0.79747,0.79775,1.07,1.26
2012.08.17 12:19:38.557,0.79745,0.79773,1.30,1.41
2012.08.17 12:19:38.616,0.79745,0.79772,1.30,1.64
2012.08.17 12:19:40.914,0.79747,0.79778,1.82,1.04
2012.08.17 12:19:41.028,0.79752,0.79783,1.35,1.41
2012.08.17 12:19:41.141,0.79752,0.79783,1.82,1.41
2012.08.17 12:19:43.250,0.79757,0.79787,1.22,1.26
2012.08.17 12:19:43.673,0.79757,0.79787,1.45,1.04
2012.08.17 12:19:43.741,0.79758,0.79789,1.07,1.04
2012.08.17 12:19:43.802,0.79756,0.79788,1.07,1.04
2012.08.17 12:19:43.868,0.79756,0.79788,1.07,1.04
2012.08.17 12:19:43.979,0.79756,0.79788,1.07,1.04
2012.08.17 12:19:44.305,0.79758,0.7979,1.07,1.13
2012.08.17 12:19:45.520,0.7976,0.79793,1.07,1.26
2012.08.17 12:19:45.687,0.7976,0.79794,1.07,1.35
2012.08.17 12:19:45.866,0.79765,0.79797,1.07,1.41
2012.08.17 12:19:45.995,0.79765,0.79799,1.07,2.01
2012.08.17 12:19:46.122,0.79765,0.79797,1.07,1.41
2012.08.17 12:19:47.060,0.79766,0.79796,1.07,1.04
2012.08.17 12:19:47.123,0.79768,0.79799,1.07,1.41
2012.08.17 12:19:47.181,0.79768,0.79799,1.07,1.41
2012.08.17 12:19:47.331,0.79767,0.79799,1.22,1.64
2012.08.17 12:19:48.051,0.79766,0.79799,1.07,1.64
2012.08.17 12:19:48.111,0.79766,0.79797,1.07,1.04
2012.08.17 12:19:48.544,0.79764,0.79798,1.07,1.41
2012.08.17 12:19:48.619,0.79764,0.79798,1.07,1.41
2012.08.17 12:19:50.703,0.79762,0.79796,1.07,1.13
2012.08.17 12:19:50.822,0.79762,0.79794,1.07,1.04
2012.08.17 12:19:51.595,0.79762,0.79794,1.07,1.04
2012.08.17 12:19:51.709,0.79757,0.79789,1.07,1.41
2012.08.17 12:19:51.822,0.79757,0.79789,1.07,1.41
2012.08.17 12:19:51.880,0.79754,0.79789,1.67,1.64
2012.08.17 12:19:52.551,0.79754,0.79786,1.30,1.64
2012.08.17 12:19:53.450,0.79754,0.79786,1.30,1.64
2012.08.17 12:19:53.530,0.79752,0.79788,2.20,1.64
2012.08.17 12:19:55.724,0.79752,0.79788,1.82,1.64
2012.08.17 12:19:57.797,0.79752,0.79788,2.20,2.76
2012.08.17 12:19:59.454,0.79752,0.79782,1.07,1.04
2012.08.17 12:19:59.623,0.79751,0.79782,1.60,1.26
2012.08.17 12:19:59.789,0.79752,0.79783,1.07,1.79
2012.08.17 12:19:59.901,0.79752,0.79783,1.07,1.41
2012.08.17 12:20:00.689,0.79752,0.79783,1.07,1.13
2012.08.17 12:20:01.223,0.79752,0.79781,1.07,1.04
2012.08.17 12:20:01.475,0.79752,0.79783,1.07,1.41
2012.08.17 12:20:02.194,0.79752,0.79783,1.07,1.41
2012.08.17 12:20:02.519,0.79746,0.79778,1.22,1.26
2012.08.17 12:20:03.453,0.79744,0.79776,1.07,1.35
2012.08.17 12:20:03.519,0.79741,0.79774,1.82,1.13
2012.08.17 12:20:03.869,0.7974,0.79772,1.07,1.35
2012.08.17 12:20:04.127,0.79738,0.79772,1.22,1.35
2012.08.17 12:20:04.655,0.79741,0.7977,1.22,1.26
2012.08.17 12:20:05.000,0.7974,0.7977,1.22,1.26
2012.08.17 12:20:05.091,0.79736,0.79768,1.22,1.35
2012.08.17 12:20:05.150,0.79734,0.79765,1.07,1.04
2012.08.17 12:20:05.209,0.79734,0.79766,1.07,1.13
2012.08.17 12:20:05.456,0.79736,0.79768,1.07,1.04
2012.08.17 12:20:05.515,0.79733,0.79768,1.07,1.26
2012.08.17 12:20:05.574,0.79733,0.79768,1.07,1.26
2012.08.17 12:20:05.678,0.79733,0.79765,1.07,2.01
2012.08.17 12:20:07.352,0.79733,0.79763,1.07,1.13
2012.08.17 12:20:09.296,0.79724,0.79759,1.30,1.73
2012.08.17 12:20:09.363,0.79723,0.79759,1.45,2.01
2012.08.17 12:20:09.422,0.79723,0.79757,1.45,1.41
2012.08.17 12:20:10.798,0.79723,0.79759,1.45,2.01
2012.08.17 12:20:10.857,0.79723,0.79759,1.45,2.76
2012.08.17 12:20:13.092,0.79728,0.79764,1.07,2.76
2012.08.17 12:20:13.478,0.79727,0.7976,1.07,1.50
2012.08.17 12:20:13.591,0.79727,0.7976,1.07,2.01
2012.08.17 12:20:15.088,0.79728,0.79764,1.22,2.76
2012.08.17 12:20:15.190,0.7973,0.79764,1.22,2.01
2012.08.17 12:20:15.438,0.79736,0.79768,1.45,1.64
2012.08.17 12:20:17.249,0.79736,0.79766,1.45,1.04
2012.08.17 12:20:19.540,0.79733,0.79767,1.07,1.79
2012.08.17 12:20:19.934,0.79733,0.79768,1.07,2.01
2012.08.17 12:20:20.703,0.79737,0.79771,1.45,2.01
2012.08.17 12:20:22.529,0.79736,0.79768,1.45,1.41
2012.08.17 12:20:23.562,0.79736,0.79768,1.45,1.41
2012.08.17 12:20:23.625,0.79735,0.79768,1.07,1.41
2012.08.17 12:20:24.298,0.79735,0.79768,1.07,1.41
2012.08.17 12:20:24.772,0.79732,0.79767,1.82,2.01
2012.08.17 12:20:26.529,0.79732,0.79764,1.45,1.04
2012.08.17 12:20:27.132,0.79732,0.79764,1.45,1.41
2012.08.17 12:20:27.678,0.79729,0.79762,1.07,1.13
2012.08.17 12:20:27.864,0.79731,0.79764,1.45,1.26
2012.08.17 12:20:27.975,0.79731,0.79767,1.82,1.49
2012.08.17 12:20:28.969,0.79733,0.79767,1.07,1.49
2012.08.17 12:20:29.281,0.79736,0.79765,1.07,1.04
2012.08.17 12:20:29.793,0.79737,0.79768,1.82,1.04
2012.08.17 12:20:30.130,0.79729,0.79764,1.22,1.35
2012.08.17 12:20:30.557,0.79729,0.79764,1.22,1.64
2012.08.17 12:20:30.620,0.79727,0.79762,1.22,2.01
2012.08.17 12:20:31.250,0.79727,0.79763,1.82,1.64
2012.08.17 12:20:31.602,0.79727,0.79763,1.82,1.64
2012.08.17 12:20:31.662,0.7973,0.79765,1.22,2.01
2012.08.17 12:20:31.721,0.79732,0.79765,1.22,2.01
2012.08.17 12:20:32.292,0.79732,0.79766,1.07,1.26
2012.08.17 12:20:32.874,0.79734,0.79766,1.22,1.26
2012.08.17 12:20:33.882,0.79732,0.79766,1.82,1.26
2012.08.17 12:20:33.941,0.79732,0.79766,1.82,1.26
2012.08.17 12:20:34.329,0.79737,0.79769,1.35,1.04
2012.08.17 12:20:38.357,0.79736,0.79771,1.35,1.49
2012.08.17 12:20:38.470,0.79734,0.79768,1.07,1.64
2012.08.17 12:20:44.901,0.79732,0.79768,1.82,2.76
2012.08.17 12:20:45.506,0.79732,0.79768,1.82,2.76
2012.08.17 12:20:45.620,0.79732,0.79768,1.82,2.76
2012.08.17 12:20:47.172,0.79734,0.79768,1.07,1.26
2012.08.17 12:20:47.284,0.79737,0.79768,1.45,1.04
2012.08.17 12:20:47.492,0.79736,0.79768,1.45,1.04
2012.08.17 12:20:55.482,0.79734,0.79769,1.22,1.64
2012.08.17 12:20:56.218,0.79732,0.79769,1.07,1.64
2012.08.17 12:20:56.583,0.79734,0.79769,1.22,1.26
2012.08.17 12:20:56.831,0.79744,0.79773,1.07,1.04
2012.08.17 12:20:57.286,0.79747,0.79778,1.45,1.79
2012.08.17 12:20:57.505,0.79747,0.79778,1.13,1.64
2012.08.17 12:20:57.797,0.79747,0.79779,1.07,1.41
2012.08.17 12:20:57.910,0.79746,0.79779,1.82,1.64
2012.08.17 12:20:57.991,0.79746,0.79779,1.82,1.64
2012.08.17 12:20:58.157,0.79746,0.79779,1.82,1.64
2012.08.17 12:20:58.869,0.79745,0.79778,1.07,1.64
2012.08.17 12:20:58.931,0.79748,0.79778,1.07,1.41
2012.08.17 12:20:59.293,0.79748,0.79777,1.07,1.04
2012.08.17 12:20:59.420,0.79748,0.79779,1.07,1.04
2012.08.17 12:21:00.439,0.79748,0.79779,1.07,1.04
2012.08.17 12:21:00.724,0.79748,0.79777,1.07,1.04
2012.08.17 12:21:02.292,0.79748,0.79777,1.07,1.04
2012.08.17 12:21:02.720,0.79748,0.79778,1.07,1.04
2012.08.17 12:21:03.093,0.79746,0.79776,1.60,1.04
2012.08.17 12:21:03.483,0.79746,0.79779,1.60,1.26
2012.08.17 12:21:03.543,0.79748,0.79779,1.07,1.04
2012.08.17 12:21:03.921,0.79749,0.79777,1.07,1.04
2012.08.17 12:21:04.140,0.79749,0.79778,1.07,1.04
2012.08.17 12:21:05.040,0.79749,0.79778,1.45,1.04
2012.08.17 12:21:05.735,0.79749,0.79782,1.07,1.49
2012.08.17 12:21:11.470,0.79749,0.79778,1.07,1.04
2012.08.17 12:21:11.583,0.79747,0.79778,1.07,1.04
2012.08.17 12:21:12.009,0.79745,0.79778,1.07,1.26
2012.08.17 12:21:13.111,0.79747,0.79776,1.07,1.04
2012.08.17 12:21:13.607,0.79744,0.79778,1.45,1.26
2012.08.17 12:21:13.673,0.79744,0.79778,1.45,1.26
2012.08.17 12:21:15.319,0.79744,0.79774,1.45,1.04
2012.08.17 12:21:15.420,0.79744,0.79776,1.45,1.04
2012.08.17 12:21:15.970,0.79745,0.79779,1.07,1.26
2012.08.17 12:21:16.526,0.79744,0.79776,1.07,1.64
2012.08.17 12:21:16.650,0.79746,0.79779,1.82,1.04
2012.08.17 12:21:16.854,0.79746,0.79779,1.82,1.04
2012.08.17 12:21:16.966,0.79746,0.79782,1.82,1.49
2012.08.17 12:21:18.127,0.79746,0.7978,1.07,1.13
2012.08.17 12:21:18.347,0.79752,0.79783,1.45,1.41
2012.08.17 12:21:19.064,0.79751,0.79781,1.07,1.04
2012.08.17 12:21:19.620,0.79751,0.79784,1.07,1.41
2012.08.17 12:21:19.876,0.7975,0.7978,1.07,1.04
2012.08.17 12:21:20.435,0.7975,0.79783,1.07,1.64
2012.08.17 12:21:21.681,0.79749,0.79783,1.07,2.01
2012.08.17 12:21:22.533,0.7975,0.7978,1.07,1.04
2012.08.17 12:21:22.857,0.7975,0.79782,1.07,1.13
2012.08.17 12:21:22.918,0.79756,0.79786,1.07,1.79
2012.08.17 12:21:22.978,0.79756,0.79786,1.07,1.79
2012.08.17 12:21:23.037,0.79756,0.79789,1.07,1.41
2012.08.17 12:21:23.213,0.79756,0.79786,1.07,1.04
2012.08.17 12:21:23.302,0.79756,0.79784,1.07,1.04
2012.08.17 12:21:25.480,0.79758,0.79786,1.07,1.04
2012.08.17 12:21:29.230,0.79756,0.79784,1.07,1.04
2012.08.17 12:21:29.499,0.79752,0.79784,2.05,1.04
2012.08.17 12:21:29.558,0.79752,0.79784,1.82,1.26
2012.08.17 12:21:30.281,0.79749,0.7978,1.07,1.04
2012.08.17 12:21:34.748,0.79751,0.79781,1.22,1.04
2012.08.17 12:21:34.807,0.79753,0.79784,1.07,1.04
2012.08.17 12:21:36.675,0.7975,0.79779,1.22,1.04
2012.08.17 12:21:38.922,0.79751,0.7978,1.22,1.04
2012.08.17 12:21:39.231,0.79751,0.79782,1.07,1.04
2012.08.17 12:21:48.120,0.79753,0.79782,1.07,1.04
2012.08.17 12:21:48.343,0.79753,0.79782,1.07,1.04
2012.08.17 12:21:48.562,0.79751,0.7978,1.22,1.04
2012.08.17 12:21:55.215,0.79751,0.7978,2.35,1.04
2012.08.17 12:21:55.400,0.79751,0.79782,2.35,1.26
2012.08.17 12:21:55.653,0.79754,0.79783,1.07,1.04
2012.08.17 12:21:56.270,0.79754,0.79782,1.07,1.04
2012.08.17 12:21:56.810,0.79754,0.79784,1.07,1.04
2012.08.17 12:21:57.229,0.79757,0.79787,1.07,1.04
2012.08.17 12:21:57.288,0.79755,0.79783,1.22,1.04
2012.08.17 12:21:57.424,0.79755,0.79783,1.22,1.04
2012.08.17 12:21:57.856,0.79754,0.79784,1.07,1.04
2012.08.17 12:21:58.526,0.79755,0.79783,1.45,1.04
2012.08.17 12:21:59.991,0.79755,0.79783,1.22,1.04
2012.08.17 12:22:00.362,0.79758,0.79788,1.07,1.04
2012.08.17 12:22:00.569,0.79757,0.79784,1.45,1.04
2012.08.17 12:22:01.595,0.79757,0.79784,1.07,1.04
2012.08.17 12:22:01.827,0.79757,0.79789,1.07,1.26
2012.08.17 12:22:02.095,0.79757,0.79789,1.30,1.04
2012.08.17 12:22:02.155,0.7976,0.7979,1.60,1.04
2012.08.17 12:22:02.346,0.79762,0.79793,1.82,1.04
2012.08.17 12:22:02.561,0.79762,0.79793,1.82,1.04
2012.08.17 12:22:02.674,0.79762,0.79792,1.07,1.04
2012.08.17 12:22:03.544,0.79762,0.79794,1.07,1.04
2012.08.17 12:22:05.205,0.7976,0.79793,1.45,1.26
2012.08.17 12:22:05.931,0.7976,0.79793,1.07,1.26
2012.08.17 12:22:11.139,0.79758,0.79791,1.07,1.26
2012.08.17 12:22:11.197,0.79758,0.79794,1.07,1.64
2012.08.17 12:22:11.658,0.7976,0.79794,1.45,1.64
2012.08.17 12:22:11.724,0.79765,0.79793,1.07,1.04
2012.08.17 12:22:15.500,0.79765,0.79794,1.07,1.04
2012.08.17 12:22:15.601,0.79765,0.79796,1.07,1.04
2012.08.17 12:22:15.954,0.79767,0.79801,1.07,1.35
2012.08.17 12:22:16.013,0.79767,0.79801,1.07,1.13
2012.08.17 12:22:16.263,0.7977,0.79801,1.07,1.04
2012.08.17 12:22:16.375,0.7977,0.79798,1.07,1.04
2012.08.17 12:22:16.619,0.79767,0.79796,1.07,1.04
2012.08.17 12:22:19.219,0.79767,0.79794,1.07,1.04
2012.08.17 12:22:24.804,0.79765,0.79793,1.30,1.04
2012.08.17 12:22:25.491,0.79765,0.79793,1.30,1.04
2012.08.17 12:22:26.039,0.79765,0.79793,1.30,1.04
2012.08.17 12:22:28.495,0.7976,0.79792,1.67,1.13
2012.08.17 12:22:28.555,0.7976,0.79789,1.67,1.04
2012.08.17 12:22:28.990,0.7976,0.79794,1.67,1.64
2012.08.17 12:22:29.508,0.7976,0.79794,1.67,1.41
2012.08.17 12:22:31.599,0.7976,0.79793,2.20,1.64
2012.08.17 12:22:32.093,0.7976,0.79788,1.45,1.04
2012.08.17 12:22:33.360,0.7976,0.79789,1.45,1.04
2012.08.17 12:22:33.971,0.7976,0.79789,1.67,1.04
2012.08.17 12:22:34.444,0.7976,0.79791,1.67,1.04
2012.08.17 12:22:35.342,0.7976,0.79789,1.45,1.04
2012.08.17 12:22:35.784,0.79761,0.79789,1.07,1.04
2012.08.17 12:22:36.328,0.7976,0.79789,1.67,1.04
2012.08.17 12:22:36.387,0.7976,0.79788,1.67,1.04
2012.08.17 12:22:38.060,0.79762,0.79789,1.07,1.04
2012.08.17 12:22:38.250,0.79762,0.7979,1.07,1.04
2012.08.17 12:22:38.362,0.79764,0.7979,2.10,1.04
2012.08.17 12:22:38.869,0.79767,0.79792,1.20,1.04
2012.08.17 12:22:38.929,0.79767,0.79794,1.20,1.04
2012.08.17 12:22:38.991,0.79767,0.79794,1.20,1.04
2012.08.17 12:22:39.122,0.79767,0.79795,1.67,1.04
2012.08.17 12:22:40.193,0.79767,0.79795,2.05,1.04
2012.08.17 12:22:41.003,0.79767,0.79792,1.30,1.04
2012.08.17 12:22:41.078,0.79767,0.79794,1.30,1.04
2012.08.17 12:22:41.138,0.79767,0.79794,1.30,1.04
2012.08.17 12:22:41.242,0.79767,0.79794,1.30,1.04
2012.08.17 12:22:41.984,0.79767,0.79792,1.30,1.04
2012.08.17 12:22:42.042,0.79767,0.79792,1.30,1.04
2012.08.17 12:22:42.577,0.79763,0.79791,1.07,1.04
2012.08.17 12:22:43.535,0.79761,0.79789,1.22,1.04
2012.08.17 12:22:44.121,0.7976,0.79789,1.22,1.04
2012.08.17 12:22:44.527,0.79759,0.79789,1.07,1.04
2012.08.17 12:22:46.067,0.79759,0.79786,1.07,1.04
2012.08.17 12:22:46.144,0.79759,0.79788,1.07,1.04
2012.08.17 12:22:46.855,0.79759,0.79787,1.45,1.04
2012.08.17 12:22:47.352,0.7976,0.79789,1.22,1.04
2012.08.17 12:22:47.473,0.79762,0.79789,1.07,1.04
2012.08.17 12:22:47.586,0.79762,0.79789,1.07,1.04
2012.08.17 12:22:48.355,0.79762,0.79789,1.07,1.04
2012.08.17 12:22:49.043,0.79761,0.79789,1.07,1.04
2012.08.17 12:22:50.216,0.79761,0.79788,1.07,1.04
2012.08.17 12:22:50.560,0.7976,0.79785,1.45,1.04
2012.08.17 12:22:50.741,0.7976,0.79788,1.45,1.04
2012.08.17 12:22:51.223,0.7976,0.79788,1.45,1.04
2012.08.17 12:22:54.012,0.7976,0.79788,1.45,1.04
2012.08.17 12:22:55.221,0.7976,0.79788,1.82,1.04
2012.08.17 12:22:56.114,0.7976,0.79788,1.82,1.04
2012.08.17 12:23:04.803,0.79759,0.79788,1.07,1.04
2012.08.17 12:23:06.019,0.79759,0.79788,1.07,1.04
2012.08.17 12:23:06.127,0.79759,0.79788,1.07,1.04
2012.08.17 12:23:09.103,0.79759,0.79788,1.07,1.04
2012.08.17 12:23:09.217,0.79761,0.79794,1.60,1.26
2012.08.17 12:23:09.480,0.7976,0.79788,1.22,1.04
2012.08.17 12:23:10.024,0.79758,0.79788,1.67,1.04
2012.08.17 12:23:11.014,0.79758,0.79788,1.67,1.04
2012.08.17 12:23:11.552,0.79761,0.79794,1.22,1.64
2012.08.17 12:23:13.065,0.79758,0.79788,2.05,1.04
2012.08.17 12:23:13.425,0.7976,0.79793,1.60,1.64
2012.08.17 12:23:14.087,0.7976,0.79793,1.60,1.64
2012.08.17 12:23:16.505,0.79758,0.79789,1.67,1.26
2012.08.17 12:23:16.813,0.7976,0.79793,1.60,1.64
2012.08.17 12:23:17.334,0.79758,0.79789,1.67,1.26
2012.08.17 12:23:17.497,0.79762,0.79793,1.60,1.26
2012.08.17 12:23:17.610,0.79763,0.79793,1.67,1.04
2012.08.17 12:23:18.381,0.79767,0.79794,1.07,1.04
2012.08.17 12:23:20.477,0.79767,0.79793,1.07,1.04
2012.08.17 12:23:25.611,0.79767,0.79794,1.07,1.04
2012.08.17 12:23:26.304,0.79763,0.79793,1.07,1.04
2012.08.17 12:23:26.735,0.79766,0.79793,1.07,1.04
2012.08.17 12:23:30.028,0.79765,0.79793,1.07,1.04
2012.08.17 12:23:30.142,0.79764,0.79793,1.07,1.04
2012.08.17 12:23:30.201,0.79763,0.79793,1.67,1.04
2012.08.17 12:23:31.558,0.79763,0.79793,1.07,1.04
2012.08.17 12:23:32.732,0.79762,0.7979,1.07,1.04
2012.08.17 12:23:32.959,0.79759,0.79788,1.07,1.04
2012.08.17 12:23:35.502,0.79759,0.79788,1.07,1.04
2012.08.17 12:23:44.054,0.79761,0.79793,1.22,1.64
2012.08.17 12:23:45.383,0.7976,0.79788,1.07,1.04
2012.08.17 12:23:50.104,0.79761,0.79793,1.22,1.26
2012.08.17 12:23:50.494,0.79756,0.79789,1.60,1.64
2012.08.17 12:23:50.607,0.79756,0.79789,1.60,1.64
2012.08.17 12:23:50.774,0.79757,0.79789,1.07,1.64
2012.08.17 12:23:54.483,0.79758,0.79789,2.20,1.26
2012.08.17 12:23:55.020,0.79762,0.79793,1.13,1.64
2012.08.17 12:24:02.404,0.79761,0.79793,1.22,1.26
2012.08.17 12:24:05.576,0.79758,0.79789,1.07,1.26
2012.08.17 12:24:08.047,0.79758,0.79793,1.07,2.01
2012.08.17 12:24:08.266,0.79758,0.79788,1.07,1.04
2012.08.17 12:24:09.313,0.79759,0.79788,1.22,1.04
2012.08.17 12:24:15.403,0.79757,0.79788,1.60,1.26
2012.08.17 12:24:15.517,0.79753,0.79784,1.82,1.26
2012.08.17 12:24:15.576,0.79753,0.79784,1.82,1.26
2012.08.17 12:24:15.744,0.79753,0.79784,1.82,1.26
2012.08.17 12:24:15.857,0.7976,0.79788,1.45,1.26
2012.08.17 12:24:17.264,0.7976,0.79789,1.45,1.41
2012.08.17 12:24:24.203,0.7976,0.79794,2.20,2.39
2012.08.17 12:24:25.719,0.7976,0.79793,1.82,1.26
2012.08.17 12:24:27.323,0.7976,0.79789,1.07,1.41
2012.08.17 12:24:28.264,0.7976,0.79794,2.20,2.39
2012.08.17 12:24:28.869,0.79761,0.79794,1.45,2.39
2012.08.17 12:24:33.581,0.79763,0.79799,1.07,2.76
2012.08.17 12:24:35.436,0.79763,0.79794,1.07,1.04
2012.08.17 12:24:36.515,0.79764,0.79793,1.07,1.04
2012.08.17 12:24:36.632,0.79764,0.79799,1.07,1.64
2012.08.17 12:24:36.936,0.79766,0.79796,1.22,1.11
2012.08.17 12:24:37.103,0.7976,0.79794,1.45,1.26
2012.08.17 12:24:37.176,0.7976,0.79794,1.45,1.26
2012.08.17 12:24:43.325,0.79764,0.79794,1.22,1.04
2012.08.17 12:24:43.385,0.79764,0.79794,1.22,1.04
2012.08.17 12:24:44.152,0.79763,0.79794,1.45,1.04
2012.08.17 12:24:55.547,0.79763,0.79794,1.07,1.04
2012.08.17 12:24:57.443,0.79762,0.79792,1.07,1.04
2012.08.17 12:24:59.958,0.79763,0.79791,1.07,1.04
2012.08.17 12:25:00.095,0.79763,0.79793,1.07,1.04
2012.08.17 12:25:00.502,0.79763,0.79793,1.07,1.04
2012.08.17 12:25:00.918,0.79767,0.79793,1.07,1.04
2012.08.17 12:25:01.422,0.79768,0.79796,1.07,1.04
2012.08.17 12:25:01.486,0.79768,0.79798,1.07,1.04
2012.08.17 12:25:01.546,0.79768,0.79798,1.07,1.04
2012.08.17 12:25:05.546,0.79769,0.79798,1.07,1.04
2012.08.17 12:25:06.178,0.79761,0.79794,1.45,1.41
2012.08.17 12:25:06.242,0.79761,0.79794,1.45,1.64
2012.08.17 12:25:06.755,0.79762,0.79793,1.60,1.04
2012.08.17 12:25:07.739,0.79765,0.79793,1.07,1.04
2012.08.17 12:25:09.160,0.79765,0.79793,1.07,1.04
2012.08.17 12:25:09.563,0.79775,0.798,1.07,1.04
2012.08.17 12:25:10.245,0.79775,0.79803,1.07,1.04
2012.08.17 12:25:15.985,0.79772,0.79798,1.20,1.04
2012.08.17 12:25:16.099,0.79766,0.79796,1.67,1.04
2012.08.17 12:25:16.158,0.79766,0.79799,2.42,1.64
2012.08.17 12:25:16.756,0.7977,0.79799,1.07,1.04
2012.08.17 12:25:17.579,0.79771,0.79801,1.07,1.04
2012.08.17 12:25:17.912,0.79772,0.79803,1.45,1.04
2012.08.17 12:25:18.024,0.79772,0.79804,1.45,1.04
2012.08.17 12:25:35.628,0.79775,0.79804,1.07,1.04
2012.08.17 12:25:39.570,0.79775,0.79804,1.07,1.04
2012.08.17 12:25:40.495,0.79775,0.79804,1.07,1.04
2012.08.17 12:25:42.536,0.79775,0.79804,1.07,1.04
2012.08.17 12:25:43.426,0.79775,0.79804,1.07,1.04
2012.08.17 12:25:44.001,0.79775,0.79804,1.07,1.04
2012.08.17 12:25:46.708,0.79774,0.79804,1.07,1.04
2012.08.17 12:25:48.236,0.79774,0.79804,1.07,1.04
2012.08.17 12:25:52.286,0.79773,0.79804,1.45,1.04
2012.08.17 12:25:52.401,0.79773,0.79804,1.45,1.04
2012.08.17 12:25:52.459,0.79773,0.79804,1.45,1.04
2012.08.17 12:25:54.475,0.79775,0.79804,1.07,1.04
2012.08.17 12:25:54.858,0.79775,0.79804,1.07,1.04
2012.08.17 12:25:55.237,0.79775,0.79804,1.07,1.04
2012.08.17 12:25:55.296,0.79775,0.79804,1.07,1.04
2012.08.17 12:25:55.598,0.79775,0.79804,1.07,1.04
2012.08.17 12:25:58.128,0.79775,0.79804,1.45,1.04
2012.08.17 12:25:58.244,0.79772,0.79802,1.67,1.04
2012.08.17 12:25:58.389,0.79766,0.798,1.07,1.73
2012.08.17 12:25:58.692,0.79765,0.79793,1.22,1.26
2012.08.17 12:25:59.404,0.79763,0.79793,1.22,1.26
2012.08.17 12:25:59.979,0.79765,0.79793,1.07,1.04
2012.08.17 12:26:00.597,0.79767,0.79798,1.60,1.26
2012.08.17 12:26:02.054,0.79767,0.79803,1.60,1.26
2012.08.17 12:26:02.488,0.7977,0.79803,1.07,1.26
2012.08.17 12:26:02.807,0.7977,0.79803,1.07,1.26
2012.08.17 12:26:04.007,0.7977,0.79803,1.07,1.26
2012.08.17 12:26:04.116,0.7977,0.79803,1.07,1.26
2012.08.17 12:26:05.565,0.7977,0.79798,1.07,1.04
2012.08.17 12:26:09.841,0.7977,0.798,1.07,1.04
2012.08.17 12:26:10.328,0.79771,0.79801,1.07,1.04
2012.08.17 12:26:10.607,0.79769,0.79799,1.45,1.04
2012.08.17 12:26:10.880,0.79769,0.79802,1.45,1.26
2012.08.17 12:26:11.337,0.79774,0.798,1.07,1.04
2012.08.17 12:26:13.955,0.79771,0.798,1.07,1.04
2012.08.17 12:26:21.147,0.79771,0.798,1.07,1.04
2012.08.17 12:26:21.448,0.79774,0.79802,1.07,1.04
2012.08.17 12:26:21.508,0.79772,0.79802,1.22,1.26
2012.08.17 12:26:21.567,0.79772,0.798,1.22,1.04
2012.08.17 12:26:23.866,0.79771,0.79799,1.07,1.04
2012.08.17 12:26:24.306,0.79771,0.79798,1.07,1.04
2012.08.17 12:26:24.455,0.79768,0.79795,1.07,1.04
2012.08.17 12:26:24.989,0.79766,0.79798,1.22,1.26
2012.08.17 12:26:25.642,0.79766,0.79798,1.22,1.26
2012.08.17 12:26:27.056,0.79765,0.79794,1.07,1.04
2012.08.17 12:26:27.609,0.79761,0.79794,1.22,1.26
2012.08.17 12:26:30.939,0.7976,0.7979,1.07,1.04
2012.08.17 12:26:32.459,0.7976,0.79793,1.07,1.26
2012.08.17 12:26:35.568,0.7976,0.79793,1.07,1.26
2012.08.17 12:26:41.567,0.7976,0.79793,1.07,1.64
2012.08.17 12:26:43.547,0.7976,0.79793,1.07,1.64
2012.08.17 12:26:48.630,0.7976,0.79793,1.07,1.26
2012.08.17 12:26:48.931,0.79763,0.79793,1.07,1.04
2012.08.17 12:26:49.087,0.79763,0.79791,1.07,1.04
2012.08.17 12:26:49.149,0.79763,0.79793,1.07,1.04
2012.08.17 12:26:49.370,0.79763,0.79791,1.07,1.04
2012.08.17 12:26:49.971,0.79765,0.79793,1.07,1.04
2012.08.17 12:26:51.437,0.79765,0.79793,1.07,1.04
2012.08.17 12:26:52.018,0.79765,0.79793,1.07,1.04
2012.08.17 12:26:53.426,0.79765,0.79793,1.07,1.04
2012.08.17 12:26:54.829,0.79766,0.79798,1.07,1.04
2012.08.17 12:26:55.152,0.79769,0.79799,1.22,1.41
2012.08.17 12:26:55.499,0.79772,0.79803,1.45,1.79
2012.08.17 12:27:01.679,0.79776,0.79809,1.22,1.64
2012.08.17 12:27:01.807,0.79776,0.79809,1.45,1.41
2012.08.17 12:27:01.866,0.79776,0.79809,1.45,1.41
2012.08.17 12:27:01.926,0.7978,0.79809,1.07,1.04
2012.08.17 12:27:03.163,0.79776,0.79809,1.82,1.41
2012.08.17 12:27:03.233,0.79776,0.79809,1.07,2.01
2012.08.17 12:27:03.968,0.79776,0.79805,1.07,1.04
2012.08.17 12:27:04.547,0.79776,0.79809,1.07,2.01
2012.08.17 12:27:06.599,0.79776,0.79809,1.07,1.64
2012.08.17 12:27:07.466,0.79775,0.79809,1.07,2.39
2012.08.17 12:27:07.579,0.79775,0.79809,1.07,2.39
2012.08.17 12:27:09.848,0.79775,0.79809,1.07,2.01
2012.08.17 12:27:11.717,0.79775,0.79809,1.07,2.01
2012.08.17 12:27:15.277,0.79776,0.79809,2.95,1.64
2012.08.17 12:27:16.547,0.7978,0.79809,1.07,1.04
2012.08.17 12:27:17.658,0.79781,0.79809,1.07,1.04
2012.08.17 12:27:17.888,0.79781,0.79812,1.07,1.26
2012.08.17 12:27:18.055,0.79782,0.79814,1.07,1.41
2012.08.17 12:27:18.168,0.79786,0.79814,1.30,1.41
2012.08.17 12:27:18.338,0.79788,0.79818,1.07,1.41
2012.08.17 12:27:18.889,0.79788,0.79815,1.07,1.41
2012.08.17 12:27:20.442,0.79788,0.79818,1.07,1.41
2012.08.17 12:27:20.554,0.79786,0.79818,1.07,1.79
2012.08.17 12:27:20.613,0.79785,0.79818,1.07,2.01
2012.08.17 12:27:34.006,0.79785,0.79814,1.07,1.04
2012.08.17 12:27:34.539,0.79785,0.79815,1.07,1.04
2012.08.17 12:27:35.079,0.79785,0.79816,1.67,1.04
2012.08.17 12:27:35.253,0.79787,0.79818,1.07,1.04
2012.08.17 12:27:35.788,0.79787,0.79819,1.07,1.04
2012.08.17 12:27:37.197,0.79793,0.79821,1.22,1.04
2012.08.17 12:27:37.625,0.79798,0.79828,1.97,1.26
2012.08.17 12:27:37.684,0.79801,0.79829,1.07,1.04
2012.08.17 12:27:38.051,0.79802,0.79832,1.07,1.04
2012.08.17 12:27:38.700,0.79802,0.79832,1.07,1.04
2012.08.17 12:27:39.614,0.79803,0.79832,1.07,1.04
2012.08.17 12:27:41.212,0.798,0.79832,1.07,1.04
2012.08.17 12:27:41.325,0.798,0.79828,1.07,1.04
2012.08.17 12:27:41.978,0.798,0.79832,1.07,1.04
2012.08.17 12:27:43.069,0.79803,0.79832,1.07,1.04
2012.08.17 12:27:43.209,0.79803,0.79832,1.07,1.04
2012.08.17 12:27:43.526,0.79803,0.79833,1.07,1.04
2012.08.17 12:27:43.720,0.79803,0.79833,1.07,1.04
2012.08.17 12:27:43.840,0.79803,0.79833,1.07,1.04
2012.08.17 12:27:44.829,0.79803,0.79833,1.07,1.04
2012.08.17 12:27:45.741,0.79801,0.79831,1.07,1.04
2012.08.17 12:27:45.844,0.79801,0.79829,1.07,1.35
2012.08.17 12:27:46.066,0.7979,0.7982,1.22,1.26
2012.08.17 12:27:46.126,0.7979,0.79819,1.22,1.04
2012.08.17 12:27:46.493,0.79788,0.79819,1.07,1.04
2012.08.17 12:27:46.823,0.79788,0.79819,1.07,1.04
2012.08.17 12:27:47.616,0.79788,0.79819,1.07,1.04
2012.08.17 12:27:47.680,0.79788,0.79819,1.07,1.04
2012.08.17 12:27:47.855,0.79788,0.79818,1.07,1.04
2012.08.17 12:27:48.604,0.79788,0.79819,1.07,1.04
2012.08.17 12:27:49.129,0.79788,0.79819,1.07,1.04
2012.08.17 12:27:55.508,0.79788,0.79816,1.07,1.04
2012.08.17 12:27:55.995,0.79788,0.79818,1.45,1.04
2012.08.17 12:27:57.374,0.79788,0.79815,1.07,1.04
2012.08.17 12:27:59.080,0.79788,0.79818,1.07,1.04
2012.08.17 12:27:59.363,0.79788,0.79817,1.07,1.04
2012.08.17 12:28:00.030,0.79788,0.79818,1.07,1.04
2012.08.17 12:28:00.250,0.79788,0.79816,1.07,1.04
2012.08.17 12:28:00.490,0.79788,0.79818,1.07,1.04
2012.08.17 12:28:00.883,0.79788,0.79822,1.07,1.49
2012.08.17 12:28:01.224,0.79791,0.79823,1.07,1.04
2012.08.17 12:28:01.282,0.79791,0.79824,1.07,1.04
2012.08.17 12:28:02.144,0.79796,0.79825,1.07,1.04
2012.08.17 12:28:02.688,0.79796,0.79828,1.07,1.64
2012.08.17 12:28:10.843,0.79793,0.79825,1.07,1.41
2012.08.17 12:28:11.089,0.79792,0.79824,1.07,1.26
2012.08.17 12:28:11.516,0.79791,0.79824,1.07,1.04
2012.08.17 12:28:11.833,0.79792,0.79824,1.07,1.64
2012.08.17 12:28:12.306,0.79792,0.79824,1.07,1.35
2012.08.17 12:28:13.003,0.79795,0.79828,1.07,1.41
2012.08.17 12:28:14.630,0.79793,0.79828,1.67,1.41
2012.08.17 12:28:16.181,0.79794,0.79824,1.07,1.04
2012.08.17 12:28:16.616,0.79793,0.79824,1.45,1.04
2012.08.17 12:28:17.093,0.79794,0.79824,1.07,1.04
2012.08.17 12:28:17.206,0.79794,0.79823,1.07,1.04
2012.08.17 12:28:17.445,0.79792,0.79823,1.22,1.04
2012.08.17 12:28:17.654,0.79793,0.79824,1.45,1.04
2012.08.17 12:28:18.007,0.79793,0.79824,1.45,1.26
2012.08.17 12:28:18.333,0.79794,0.79824,1.07,1.04
2012.08.17 12:28:18.831,0.79793,0.79824,1.45,1.26
2012.08.17 12:28:19.249,0.79794,0.79824,1.07,1.04
2012.08.17 12:28:19.769,0.79795,0.79824,1.07,1.04
2012.08.17 12:28:19.828,0.79797,0.79824,1.07,1.04
2012.08.17 12:28:20.019,0.79796,0.79824,1.07,1.04
2012.08.17 12:28:20.969,0.79792,0.79824,1.45,1.26
2012.08.17 12:28:21.313,0.79796,0.79829,1.60,1.11
2012.08.17 12:28:21.426,0.79799,0.79831,1.07,1.26
2012.08.17 12:28:21.611,0.79799,0.79833,1.07,1.64
2012.08.17 12:28:24.583,0.79799,0.79833,1.07,2.01
2012.08.17 12:28:24.747,0.79799,0.79829,1.07,1.04
2012.08.17 12:28:25.644,0.79801,0.79829,1.07,1.04
2012.08.17 12:28:26.960,0.79801,0.79825,1.07,1.04
2012.08.17 12:28:27.242,0.79797,0.79824,1.07,1.04
2012.08.17 12:28:27.587,0.79797,0.79826,1.07,1.04
2012.08.17 12:28:29.507,0.79796,0.79826,1.07,1.04
2012.08.17 12:28:29.672,0.79794,0.79825,1.22,1.04
2012.08.17 12:28:29.859,0.79796,0.79826,1.07,1.04
2012.08.17 12:28:30.479,0.79798,0.79828,1.07,1.04
2012.08.17 12:28:40.427,0.79798,0.79833,1.07,1.41
2012.08.17 12:28:41.859,0.79798,0.79833,1.07,1.41
2012.08.17 12:28:45.865,0.79798,0.79833,1.07,1.04
2012.08.17 12:28:46.666,0.79801,0.79833,1.22,1.04
2012.08.17 12:28:46.797,0.79801,0.79831,1.22,1.04
2012.08.17 12:28:46.856,0.79801,0.79833,1.22,1.04
2012.08.17 12:28:47.084,0.79802,0.79837,1.07,1.41
2012.08.17 12:28:47.305,0.79803,0.79838,1.07,1.64
2012.08.17 12:28:47.471,0.79805,0.79839,1.22,1.04
2012.08.17 12:28:52.265,0.79804,0.79838,1.22,1.04
2012.08.17 12:28:52.625,0.79804,0.79838,1.82,1.04
2012.08.17 12:28:54.323,0.79807,0.79838,1.22,1.04
2012.08.17 12:28:54.882,0.79804,0.79839,2.57,1.04
2012.08.17 12:28:55.043,0.79806,0.79842,1.60,1.04
2012.08.17 12:28:55.284,0.79804,0.7984,1.97,1.26
2012.08.17 12:28:55.396,0.79807,0.7984,1.60,1.26
2012.08.17 12:28:59.470,0.79806,0.79839,1.22,1.04
2012.08.17 12:29:00.573,0.79807,0.79839,1.22,1.04
2012.08.17 12:29:03.038,0.79805,0.79839,1.82,1.41
2012.08.17 12:29:03.213,0.79805,0.79838,1.22,1.04
2012.08.17 12:29:05.080,0.79806,0.7984,1.97,1.04
2012.08.17 12:29:07.499,0.79806,0.79839,1.97,1.04
2012.08.17 12:29:08.589,0.79806,0.79839,1.97,1.04
2012.08.17 12:29:08.647,0.79807,0.79843,1.60,1.41
2012.08.17 12:29:11.143,0.79806,0.79839,1.97,1.04
2012.08.17 12:29:11.400,0.79802,0.79839,1.82,1.41
2012.08.17 12:29:12.207,0.79802,0.79834,1.22,1.04
2012.08.17 12:29:12.745,0.79802,0.79839,1.22,1.41
2012.08.17 12:29:13.073,0.79801,0.79835,1.60,1.79
2012.08.17 12:29:13.373,0.79797,0.79832,1.22,1.04
2012.08.17 12:29:15.544,0.79797,0.79832,1.22,1.04
2012.08.17 12:29:17.153,0.79797,0.79835,1.22,1.26
2012.08.17 12:29:17.516,0.79801,0.79837,1.22,1.04
2012.08.17 12:29:17.860,0.79801,0.79837,1.22,1.04
2012.08.17 12:29:18.792,0.79802,0.79838,1.22,1.04
2012.08.17 12:29:18.916,0.79802,0.79838,1.22,1.04
2012.08.17 12:29:25.096,0.798,0.79837,1.82,1.04
2012.08.17 12:29:25.412,0.79805,0.7984,1.07,1.79
2012.08.17 12:29:25.621,0.79805,0.79843,2.57,1.04
2012.08.17 12:29:30.626,0.79805,0.79846,1.07,1.26
2012.08.17 12:29:31.221,0.79805,0.79843,1.07,1.04
2012.08.17 12:29:31.751,0.79805,0.79842,1.07,1.41
2012.08.17 12:29:33.138,0.79805,0.79844,1.07,1.26
2012.08.17 12:29:33.466,0.79797,0.7984,1.45,2.39
2012.08.17 12:29:33.932,0.79797,0.79839,1.45,1.26
2012.08.17 12:29:34.633,0.79797,0.79839,1.45,1.26
2012.08.17 12:29:35.141,0.79801,0.79847,1.60,1.04
2012.08.17 12:29:35.205,0.79808,0.79853,1.22,1.04
2012.08.17 12:29:35.713,0.79808,0.79853,1.22,1.04
2012.08.17 12:29:36.746,0.79801,0.7984,1.22,1.41
2012.08.17 12:29:36.860,0.79801,0.7984,1.22,1.41
2012.08.17 12:29:36.974,0.79801,0.7984,1.22,1.41
2012.08.17 12:29:37.305,0.79801,0.79844,1.60,1.04
2012.08.17 12:29:37.693,0.79801,0.79844,1.60,1.04
2012.08.17 12:29:38.012,0.79801,0.7985,1.60,1.04
2012.08.17 12:29:39.912,0.79806,0.79854,1.60,1.04
2012.08.17 12:29:40.312,0.79806,0.79854,1.60,1.04
2012.08.17 12:29:42.199,0.79811,0.79854,1.22,1.04
2012.08.17 12:29:42.411,0.79807,0.79854,1.60,1.04
2012.08.17 12:29:43.962,0.79807,0.79854,1.60,1.04
2012.08.17 12:29:47.131,0.79802,0.79849,1.22,1.41
2012.08.17 12:29:47.590,0.79802,0.79851,1.22,1.04
2012.08.17 12:29:47.703,0.79797,0.79848,1.22,1.04
2012.08.17 12:29:47.924,0.79802,0.79851,1.22,1.04
2012.08.17 12:29:48.409,0.79806,0.79859,1.22,1.41
2012.08.17 12:29:48.468,0.79806,0.79859,1.22,1.41
2012.08.17 12:29:49.652,0.79811,0.79858,1.22,1.04
2012.08.17 12:29:50.601,0.79806,0.79869,1.22,1.04
2012.08.17 12:29:51.386,0.79812,0.79873,1.22,1.04
2012.08.17 12:29:52.109,0.79806,0.79869,1.22,1.04
2012.08.17 12:29:53.629,0.79806,0.79869,1.22,1.04
2012.08.17 12:29:53.796,0.79806,0.79869,1.22,1.04
2012.08.17 12:29:54.671,0.79806,0.79869,1.22,1.04
2012.08.17 12:29:55.441,0.79806,0.79869,1.22,1.04
2012.08.17 12:29:55.918,0.79782,0.79872,1.60,1.13
2012.08.17 12:29:56.762,0.79788,0.79874,1.22,1.50
2012.08.17 12:29:57.284,0.79788,0.79876,1.22,1.13
2012.08.17 12:29:58.703,0.79788,0.79878,1.22,1.50
2012.08.17 12:29:59.306,0.79788,0.79876,1.22,1.13
2012.08.17 12:29:59.879,0.79788,0.79873,1.22,1.50
2012.08.17 12:29:59.938,0.79788,0.79869,1.22,1.13
2012.08.17 12:30:00.900,0.79778,0.79868,1.22,1.13
2012.08.17 12:30:00.968,0.79811,0.79905,1.22,1.13
2012.08.17 12:30:01.083,0.79827,0.79919,1.13,1.35
2012.08.17 12:30:01.249,0.79827,0.79919,1.13,1.13
2012.08.17 12:30:01.840,0.79824,0.79916,1.13,1.13
2012.08.17 12:30:02.345,0.7983,0.7992,1.13,1.13
2012.08.17 12:30:03.294,0.79852,0.79913,1.13,1.50
2012.08.17 12:30:03.875,0.79848,0.79909,1.50,1.13
2012.08.17 12:30:03.989,0.79856,0.79919,1.50,1.50
2012.08.17 12:30:04.102,0.79854,0.79915,1.50,1.13
2012.08.17 12:30:04.186,0.79852,0.79913,1.13,2.25
2012.08.17 12:30:04.766,0.79846,0.79907,1.13,1.50
2012.08.17 12:30:05.099,0.79851,0.79899,1.50,1.50
2012.08.17 12:30:05.213,0.7985,0.79907,1.50,1.50
2012.08.17 12:30:05.394,0.79861,0.79908,1.50,1.13
2012.08.17 12:30:05.740,0.79854,0.79902,1.50,1.50
2012.08.17 12:30:06.118,0.79846,0.79894,1.50,1.50
2012.08.17 12:30:06.509,0.79834,0.79884,1.50,1.50
2012.08.17 12:30:06.730,0.79825,0.79875,1.50,1.50
2012.08.17 12:30:07.091,0.79822,0.79868,1.50,1.50
2012.08.17 12:30:07.206,0.79827,0.79877,1.50,1.50
2012.08.17 12:30:08.201,0.79829,0.79893,1.50,1.13
2012.08.17 12:30:08.261,0.79826,0.79894,1.50,1.50
2012.08.17 12:30:08.374,0.79827,0.79876,1.50,1.50
2012.08.17 12:30:08.995,0.79829,0.79879,1.50,1.50
2012.08.17 12:30:10.038,0.79819,0.79878,1.50,1.50
2012.08.17 12:30:10.151,0.79823,0.79878,1.13,1.50
2012.08.17 12:30:10.482,0.79835,0.79881,1.50,1.50
2012.08.17 12:30:11.003,0.79835,0.79878,1.97,1.04
2012.08.17 12:30:11.353,0.79845,0.79888,1.50,1.79
2012.08.17 12:30:11.469,0.79845,0.79888,1.97,1.04
2012.08.17 12:30:11.530,0.79842,0.79885,1.97,1.04
2012.08.17 12:30:11.589,0.79842,0.79885,1.97,1.04
2012.08.17 12:30:12.346,0.79842,0.79885,1.97,1.04
2012.08.17 12:30:12.466,0.7985,0.79893,1.97,1.04
2012.08.17 12:30:12.772,0.79844,0.79887,1.22,1.79
2012.08.17 12:30:12.891,0.79844,0.79887,1.22,1.79
2012.08.17 12:30:13.019,0.79844,0.79887,1.22,1.79
2012.08.17 12:30:13.677,0.79851,0.79891,1.50,1.04
2012.08.17 12:30:13.793,0.79852,0.79891,1.22,1.04
2012.08.17 12:30:14.942,0.79861,0.79893,1.50,1.04
2012.08.17 12:30:15.136,0.79861,0.79901,1.97,1.04
2012.08.17 12:30:15.557,0.7986,0.79898,1.22,1.04
2012.08.17 12:30:15.670,0.79857,0.79897,1.22,1.04
2012.08.17 12:30:15.922,0.79857,0.79898,1.22,1.41
2012.08.17 12:30:16.296,0.79854,0.79899,1.97,1.50
2012.08.17 12:30:16.499,0.7986,0.799,1.22,1.04
2012.08.17 12:30:17.281,0.79859,0.79898,1.50,1.04
2012.08.17 12:30:17.394,0.7985,0.79894,1.97,1.04
2012.08.17 12:30:17.508,0.7985,0.79894,1.97,1.04
2012.08.17 12:30:17.803,0.7985,0.79892,1.97,1.41
2012.08.17 12:30:17.916,0.7985,0.79892,1.97,1.41
2012.08.17 12:30:18.146,0.79845,0.79888,1.22,1.04
2012.08.17 12:30:18.352,0.79845,0.79888,1.22,1.04
2012.08.17 12:30:18.793,0.79842,0.79884,1.22,1.88
2012.08.17 12:30:18.892,0.79842,0.79884,1.22,1.88
2012.08.17 12:30:19.442,0.79842,0.79884,1.22,2.16
2012.08.17 12:30:19.681,0.79841,0.79883,2.35,1.41
2012.08.17 12:30:20.152,0.79842,0.79882,1.22,1.79
2012.08.17 12:30:20.332,0.79842,0.79882,1.22,1.79
2012.08.17 12:30:20.532,0.79841,0.79882,1.22,1.79
2012.08.17 12:30:20.997,0.79839,0.79878,1.22,1.50
2012.08.17 12:30:21.677,0.79836,0.79875,1.60,1.50
2012.08.17 12:30:21.753,0.79836,0.79875,1.60,1.50
2012.08.17 12:30:21.873,0.79836,0.79875,1.60,1.50
2012.08.17 12:30:22.310,0.79841,0.7988,1.22,1.79
2012.08.17 12:30:22.964,0.79839,0.79879,1.22,1.13
2012.08.17 12:30:23.093,0.79837,0.79876,1.22,1.50
2012.08.17 12:30:23.182,0.79837,0.79876,1.22,1.50
2012.08.17 12:30:23.644,0.79839,0.79878,1.22,1.04
2012.08.17 12:30:23.732,0.79839,0.79879,1.22,1.13
2012.08.17 12:30:24.212,0.79836,0.79876,1.22,2.16
2012.08.17 12:30:24.326,0.79837,0.79876,1.22,1.04
2012.08.17 12:30:24.834,0.79836,0.79876,1.13,1.04
2012.08.17 12:30:25.184,0.79834,0.79872,1.22,1.04
2012.08.17 12:30:25.614,0.79831,0.7987,1.22,1.04
2012.08.17 12:30:25.674,0.79829,0.7987,1.22,1.41
2012.08.17 12:30:26.225,0.79829,0.79869,1.22,1.04
2012.08.17 12:30:26.287,0.79829,0.79869,1.22,1.04
2012.08.17 12:30:26.620,0.79829,0.79869,1.22,1.04
2012.08.17 12:30:27.142,0.79825,0.79865,1.22,1.41
2012.08.17 12:30:27.381,0.79825,0.79865,1.22,1.41
2012.08.17 12:30:27.441,0.79825,0.79865,1.22,1.13
2012.08.17 12:30:27.501,0.79831,0.79869,1.22,1.04
2012.08.17 12:30:27.562,0.79831,0.7987,1.22,1.13
2012.08.17 12:30:27.901,0.79838,0.79877,1.22,2.16
2012.08.17 12:30:28.247,0.79831,0.79874,1.22,1.04
2012.08.17 12:30:28.595,0.79831,0.79868,1.22,1.79
2012.08.17 12:30:28.901,0.79829,0.79868,1.22,2.16
2012.08.17 12:30:29.805,0.79828,0.79866,1.22,1.04
2012.08.17 12:30:29.874,0.79826,0.79866,1.22,1.13
2012.08.17 12:30:30.212,0.79826,0.79865,1.22,1.50
2012.08.17 12:30:30.370,0.79826,0.79865,1.22,1.79
2012.08.17 12:30:30.462,0.79826,0.79862,1.22,1.04
2012.08.17 12:30:30.607,0.79823,0.79861,1.22,1.04
2012.08.17 12:30:31.113,0.79821,0.79859,1.22,1.04
2012.08.17 12:30:31.563,0.79821,0.79858,1.22,1.50
2012.08.17 12:30:32.112,0.79821,0.79859,1.22,1.79
2012.08.17 12:30:32.253,0.79823,0.79862,1.22,1.79
2012.08.17 12:30:32.373,0.79827,0.79869,1.13,1.04
2012.08.17 12:30:32.486,0.79827,0.79869,1.60,1.04
2012.08.17 12:30:32.546,0.79831,0.79873,1.22,1.79
2012.08.17 12:30:32.687,0.79831,0.79873,1.22,1.50
2012.08.17 12:30:32.819,0.79831,0.79873,1.22,1.79
2012.08.17 12:30:32.879,0.79831,0.79867,1.60,1.04
2012.08.17 12:30:33.313,0.79836,0.79872,1.22,1.79
2012.08.17 12:30:34.013,0.79829,0.7987,1.22,1.50
2012.08.17 12:30:34.129,0.79829,0.7987,1.22,1.50
2012.08.17 12:30:34.650,0.79829,0.79867,1.22,1.04
2012.08.17 12:30:36.184,0.79829,0.79867,1.22,1.79
2012.08.17 12:30:37.102,0.79829,0.79868,1.97,1.04
2012.08.17 12:30:37.442,0.79834,0.79874,1.22,2.16
2012.08.17 12:30:37.556,0.79834,0.79871,1.22,1.04
2012.08.17 12:30:38.102,0.79834,0.79872,1.22,1.04
2012.08.17 12:30:38.835,0.79833,0.79873,1.97,1.04
2012.08.17 12:30:39.372,0.79831,0.79871,1.22,1.50
2012.08.17 12:30:40.479,0.79831,0.79872,1.22,1.04
2012.08.17 12:30:40.903,0.79831,0.79871,1.22,1.04
2012.08.17 12:30:41.633,0.79831,0.79871,1.22,1.04
2012.08.17 12:30:41.998,0.79831,0.79869,1.22,1.04
2012.08.17 12:30:42.972,0.79831,0.7987,1.22,2.16
2012.08.17 12:30:44.968,0.79833,0.7987,1.07,1.64
2012.08.17 12:30:46.026,0.79832,0.7987,1.07,1.64
2012.08.17 12:30:46.085,0.79832,0.79868,1.07,1.26
2012.08.17 12:30:48.269,0.7983,0.79866,1.45,1.26
2012.08.17 12:30:48.328,0.7983,0.79866,1.22,1.26
2012.08.17 12:30:50.371,0.79829,0.79866,1.97,1.26
2012.08.17 12:30:50.593,0.79826,0.79864,1.45,1.26
2012.08.17 12:30:50.828,0.79827,0.79863,1.45,1.26
2012.08.17 12:30:50.887,0.79827,0.79862,1.22,1.26
2012.08.17 12:30:51.107,0.79831,0.79867,1.07,1.64
2012.08.17 12:30:51.944,0.79831,0.79869,1.07,1.26
2012.08.17 12:30:52.147,0.79831,0.79869,1.07,1.26
2012.08.17 12:30:52.205,0.79831,0.79869,1.07,1.26
2012.08.17 12:30:52.503,0.79831,0.79869,1.07,1.26
2012.08.17 12:30:52.562,0.79831,0.79869,1.07,1.26
2012.08.17 12:30:52.674,0.79833,0.79872,1.97,1.26
2012.08.17 12:30:52.840,0.79833,0.79872,2.20,1.26
2012.08.17 12:30:53.138,0.79832,0.79871,1.07,2.39
2012.08.17 12:30:53.374,0.79832,0.79869,1.07,1.26
2012.08.17 12:30:53.546,0.7983,0.79869,1.22,1.26
2012.08.17 12:30:53.767,0.79833,0.79873,1.97,1.26
2012.08.17 12:30:54.393,0.79826,0.79863,1.45,1.04
2012.08.17 12:30:54.456,0.79838,0.79874,1.07,1.26
2012.08.17 12:30:54.516,0.79834,0.79874,1.73,1.26
2012.08.17 12:30:54.630,0.79832,0.79867,1.22,1.11
2012.08.17 12:30:54.704,0.79832,0.79867,1.22,1.11
2012.08.17 12:30:54.764,0.79825,0.79862,1.22,1.26
2012.08.17 12:30:54.959,0.79827,0.79865,1.07,2.39
2012.08.17 12:30:55.129,0.79834,0.79867,1.50,1.26
2012.08.17 12:30:55.390,0.79838,0.79874,1.20,1.26
2012.08.17 12:30:55.502,0.79837,0.79874,1.45,1.26
2012.08.17 12:30:55.804,0.79838,0.79874,1.67,1.26
2012.08.17 12:30:57.212,0.79838,0.79874,1.30,1.26
2012.08.17 12:30:57.271,0.79838,0.79874,1.07,1.26
2012.08.17 12:30:58.262,0.79836,0.7987,1.30,1.26
2012.08.17 12:30:58.862,0.79836,0.7987,1.07,1.64
2012.08.17 12:30:58.963,0.79836,0.7987,1.07,1.64
2012.08.17 12:30:59.571,0.79835,0.7987,1.07,1.35
2012.08.17 12:30:59.875,0.79834,0.7987,1.07,1.26
2012.08.17 12:30:59.987,0.79833,0.7987,1.22,1.26
2012.08.17 12:31:00.900,0.79833,0.79871,1.22,1.26
