2015.04.16 15:00:00.128,0.93417,0.93458,1.00,2.25
2015.04.16 15:00:00.179,0.93413,0.93457,1.37,1.75
2015.04.16 15:00:00.230,0.93413,0.93457,1.75,1.37
2015.04.16 15:00:00.571,0.93417,0.93458,1.12,1.75
2015.04.16 15:00:00.840,0.93406,0.93458,1.87,1.75
2015.04.16 15:00:00.890,0.93402,0.9345,1.87,1.12
2015.04.16 15:00:01.192,0.93407,0.93443,1.00,1.37
2015.04.16 15:00:01.343,0.93399,0.93443,1.12,1.37
2015.04.16 15:00:01.492,0.93399,0.93443,1.12,1.37
2015.04.16 15:00:01.593,0.93398,0.93447,1.75,1.37
2015.04.16 15:00:01.794,0.93401,0.93447,1.50,1.37
2015.04.16 15:00:02.095,0.93398,0.93447,1.75,1.50
2015.04.16 15:00:02.196,0.93397,0.93451,1.37,1.12
2015.04.16 15:00:03.901,0.93398,0.93442,1.37,1.37
2015.04.16 15:00:04.405,0.93398,0.93442,1.50,1.37
2015.04.16 15:00:04.820,0.93398,0.93442,1.12,1.37
2015.04.16 15:00:04.870,0.93396,0.93438,1.37,1.12
2015.04.16 15:00:04.921,0.93391,0.93435,1.12,1.12
2015.04.16 15:00:05.081,0.93388,0.93422,1.37,1.00
2015.04.16 15:00:05.349,0.93387,0.93428,1.37,1.00
2015.04.16 15:00:05.630,0.93388,0.93422,1.37,1.00
2015.04.16 15:00:06.179,0.93387,0.93423,1.37,1.00
2015.04.16 15:00:07.297,0.93397,0.93438,1.50,1.00
2015.04.16 15:00:07.398,0.93398,0.93442,1.37,1.37
2015.04.16 15:00:07.609,0.93407,0.93443,1.00,1.50
2015.04.16 15:00:07.878,0.93403,0.93443,1.12,1.12
2015.04.16 15:00:07.929,0.93403,0.93445,1.37,1.12
2015.04.16 15:00:08.243,0.93408,0.93445,1.00,1.12
2015.04.16 15:00:08.616,0.93397,0.93433,1.37,1.00
2015.04.16 15:00:08.831,0.93398,0.93442,1.37,1.37
2015.04.16 15:00:08.965,0.93399,0.93442,1.75,1.00
2015.04.16 15:00:09.390,0.93403,0.93437,1.37,1.00
2015.04.16 15:00:09.721,0.9341,0.93452,1.75,1.75
2015.04.16 15:00:10.027,0.93418,0.93457,1.75,1.75
2015.04.16 15:00:10.078,0.93418,0.93457,1.75,1.00
2015.04.16 15:00:10.129,0.93418,0.93457,1.37,1.00
2015.04.16 15:00:10.332,0.93414,0.93457,1.00,1.00
2015.04.16 15:00:10.630,0.93409,0.93457,1.00,1.00
2015.04.16 15:00:10.800,0.93418,0.93462,1.00,1.00
2015.04.16 15:00:11.340,0.93418,0.93462,1.00,1.50
2015.04.16 15:00:13.235,0.93412,0.93458,1.50,1.37
2015.04.16 15:00:13.548,0.93408,0.93442,1.37,1.00
2015.04.16 15:00:13.993,0.93405,0.93443,1.37,1.00
2015.04.16 15:00:14.104,0.93405,0.93447,1.37,1.37
2015.04.16 15:00:14.315,0.93405,0.93447,1.75,1.00
2015.04.16 15:00:14.668,0.93405,0.93447,1.37,1.00
2015.04.16 15:00:15.391,0.93405,0.93447,1.75,1.00
2015.04.16 15:00:15.679,0.93408,0.93452,1.75,1.12
2015.04.16 15:00:16.183,0.93408,0.93452,1.37,1.37
2015.04.16 15:00:16.909,0.93408,0.93452,1.37,1.37
2015.04.16 15:00:17.205,0.93408,0.93452,1.37,1.50
2015.04.16 15:00:17.443,0.93403,0.93447,1.37,1.37
2015.04.16 15:00:17.597,0.93403,0.93447,1.37,1.00
2015.04.16 15:00:17.698,0.93402,0.93452,1.37,1.75
2015.04.16 15:00:18.001,0.93407,0.93443,1.37,1.00
2015.04.16 15:00:18.112,0.93397,0.93443,1.50,1.00
2015.04.16 15:00:18.389,0.93398,0.93432,1.00,1.00
2015.04.16 15:00:19.321,0.93398,0.93432,1.37,1.00
2015.04.16 15:00:19.920,0.93398,0.93432,1.50,1.00
2015.04.16 15:00:20.528,0.93397,0.93433,1.50,1.00
2015.04.16 15:00:20.628,0.93396,0.93438,1.12,1.00
2015.04.16 15:00:20.831,0.93401,0.93432,1.00,1.00
2015.04.16 15:00:20.919,0.93401,0.93437,1.00,1.00
2015.04.16 15:00:21.031,0.93401,0.93442,1.00,1.37
2015.04.16 15:00:21.132,0.93398,0.93442,1.87,1.12
2015.04.16 15:00:21.183,0.93401,0.93442,1.00,1.37
2015.04.16 15:00:21.584,0.93407,0.93443,1.00,1.12
2015.04.16 15:00:21.738,0.93402,0.93443,1.37,1.12
2015.04.16 15:00:21.850,0.93399,0.93447,1.12,1.12
2015.04.16 15:00:22.727,0.93418,0.93452,1.00,1.37
2015.04.16 15:00:22.790,0.93409,0.93458,1.12,1.87
2015.04.16 15:00:22.850,0.93404,0.93458,1.87,1.87
2015.04.16 15:00:23.058,0.93402,0.93443,1.00,1.12
2015.04.16 15:00:23.123,0.93402,0.93438,1.00,1.00
2015.04.16 15:00:23.356,0.93402,0.93443,1.00,1.50
2015.04.16 15:00:23.406,0.93402,0.93443,1.37,1.50
2015.04.16 15:00:23.809,0.93402,0.93447,1.50,1.12
2015.04.16 15:00:23.860,0.93402,0.93453,1.50,1.75
2015.04.16 15:00:24.967,0.93402,0.93447,1.37,1.37
2015.04.16 15:00:25.070,0.93402,0.93447,1.37,1.37
2015.04.16 15:00:25.716,0.93398,0.93447,1.75,1.37
2015.04.16 15:00:25.816,0.93398,0.93447,1.50,1.50
2015.04.16 15:00:25.919,0.93398,0.93447,1.75,1.12
2015.04.16 15:00:26.077,0.93398,0.93447,1.75,1.37
2015.04.16 15:00:26.279,0.93398,0.9345,1.37,1.12
2015.04.16 15:00:26.330,0.93398,0.93437,1.37,1.00
2015.04.16 15:00:26.683,0.93393,0.93432,1.87,1.00
2015.04.16 15:00:26.910,0.93393,0.93432,1.87,1.00
2015.04.16 15:00:27.011,0.93393,0.93432,1.50,1.00
2015.04.16 15:00:27.112,0.93393,0.93438,1.12,1.00
2015.04.16 15:00:28.778,0.93397,0.93433,1.00,1.00
2015.04.16 15:00:29.366,0.93393,0.93437,1.87,1.37
2015.04.16 15:00:29.416,0.93393,0.93437,1.87,1.37
2015.04.16 15:00:29.831,0.93393,0.93427,1.87,1.00
2015.04.16 15:00:30.345,0.93393,0.93427,1.37,1.00
2015.04.16 15:00:30.600,0.93393,0.93432,1.37,1.12
2015.04.16 15:00:30.819,0.93392,0.93428,1.50,1.00
2015.04.16 15:00:31.371,0.93393,0.93427,1.37,1.00
2015.04.16 15:00:32.219,0.93393,0.93427,1.50,1.00
2015.04.16 15:00:32.581,0.93397,0.93433,1.37,1.12
2015.04.16 15:00:33.426,0.93397,0.93433,1.37,1.00
2015.04.16 15:00:33.790,0.93397,0.93435,1.75,1.00
2015.04.16 15:00:34.130,0.93398,0.93432,1.75,1.00
2015.04.16 15:00:34.337,0.93398,0.93432,1.37,1.00
2015.04.16 15:00:34.818,0.93393,0.93435,1.75,1.00
2015.04.16 15:00:34.869,0.93388,0.93422,1.37,1.00
2015.04.16 15:00:35.879,0.93383,0.93417,1.75,1.00
2015.04.16 15:00:36.209,0.93388,0.93422,1.37,1.00
2015.04.16 15:00:36.453,0.93388,0.93422,1.75,1.00
2015.04.16 15:00:36.871,0.93392,0.93428,1.37,1.12
2015.04.16 15:00:37.392,0.93392,0.93428,1.37,1.00
2015.04.16 15:00:38.577,0.93393,0.93427,1.37,1.00
2015.04.16 15:00:38.628,0.93403,0.93437,1.37,1.00
2015.04.16 15:00:38.898,0.93403,0.93441,1.37,1.12
2015.04.16 15:00:39.350,0.93403,0.93437,1.37,1.00
2015.04.16 15:00:39.591,0.93403,0.93437,1.00,1.00
2015.04.16 15:00:39.692,0.93393,0.9344,1.35,1.12
2015.04.16 15:00:39.839,0.93392,0.93428,2.25,1.00
2015.04.16 15:00:40.176,0.93392,0.93428,2.25,1.00
2015.04.16 15:00:40.280,0.93392,0.93433,2.25,1.00
2015.04.16 15:00:40.331,0.93392,0.93433,2.25,1.00
2015.04.16 15:00:40.432,0.93392,0.93433,1.37,1.37
2015.04.16 15:00:40.586,0.93392,0.93433,1.37,1.50
2015.04.16 15:00:41.050,0.93387,0.93423,1.75,1.00
2015.04.16 15:00:41.532,0.93382,0.93423,2.25,1.00
2015.04.16 15:00:41.647,0.93383,0.93417,1.75,1.00
2015.04.16 15:00:42.605,0.93383,0.93422,1.75,1.00
2015.04.16 15:00:42.796,0.93383,0.93422,1.37,1.12
2015.04.16 15:00:42.847,0.93383,0.93417,1.37,1.00
2015.04.16 15:00:44.570,0.93378,0.93412,1.75,1.00
2015.04.16 15:00:44.621,0.93373,0.93407,1.12,1.00
2015.04.16 15:00:44.839,0.93367,0.93413,1.00,1.00
2015.04.16 15:00:45.312,0.9337,0.93413,1.00,1.00
2015.04.16 15:00:45.803,0.9337,0.93407,1.00,1.00
2015.04.16 15:00:46.105,0.9337,0.93407,1.75,1.00
2015.04.16 15:00:46.156,0.9337,0.93413,1.75,1.00
2015.04.16 15:00:46.330,0.9337,0.93403,1.75,1.00
2015.04.16 15:00:46.807,0.9337,0.93403,1.37,1.00
2015.04.16 15:00:46.908,0.93372,0.93408,1.37,1.00
2015.04.16 15:00:47.410,0.93366,0.93408,1.37,1.37
2015.04.16 15:00:47.510,0.93366,0.93408,1.00,1.37
2015.04.16 15:00:47.611,0.93366,0.93412,1.00,1.75
2015.04.16 15:00:47.661,0.93358,0.93412,1.50,1.75
2015.04.16 15:00:47.919,0.93357,0.93393,1.87,1.00
2015.04.16 15:00:48.343,0.93353,0.93387,2.25,1.00
2015.04.16 15:00:48.413,0.93353,0.93387,1.87,1.00
2015.04.16 15:00:49.130,0.93353,0.93397,2.25,1.00
2015.04.16 15:00:49.300,0.93357,0.93393,1.37,1.00
2015.04.16 15:00:50.070,0.93357,0.93393,1.12,1.00
2015.04.16 15:00:50.881,0.93357,0.93393,1.37,1.00
2015.04.16 15:00:51.021,0.93353,0.93397,2.25,1.00
2015.04.16 15:00:51.327,0.93357,0.93392,1.37,1.00
2015.04.16 15:00:51.622,0.93362,0.93407,1.37,1.37
2015.04.16 15:00:51.723,0.93362,0.93408,1.37,1.50
2015.04.16 15:00:52.123,0.93362,0.93408,1.75,1.50
2015.04.16 15:00:52.529,0.93362,0.93408,1.50,1.50
2015.04.16 15:00:52.650,0.93358,0.93407,1.75,1.37
2015.04.16 15:00:53.134,0.93357,0.93403,2.25,1.00
2015.04.16 15:00:53.393,0.93358,0.93407,1.75,1.12
2015.04.16 15:00:54.554,0.93368,0.93402,1.00,1.00
2015.04.16 15:00:55.080,0.93363,0.93397,1.37,1.00
2015.04.16 15:00:56.135,0.93363,0.93397,1.75,1.00
2015.04.16 15:00:57.045,0.93362,0.93398,1.75,1.00
2015.04.16 15:00:57.146,0.93362,0.93398,1.37,1.00
2015.04.16 15:00:57.649,0.93362,0.93398,1.00,1.00
2015.04.16 15:00:57.882,0.93358,0.93402,1.00,1.00
2015.04.16 15:00:58.102,0.93368,0.93402,1.00,1.00
2015.04.16 15:01:00.365,0.93373,0.93407,1.00,1.37
2015.04.16 15:01:00.416,0.93373,0.93407,1.00,1.37
2015.04.16 15:01:00.788,0.93373,0.93407,1.00,1.37
2015.04.16 15:01:00.899,0.93367,0.93408,1.00,1.87
2015.04.16 15:01:01.428,0.93373,0.93407,1.00,1.37
2015.04.16 15:01:01.621,0.93368,0.93402,1.00,1.00
2015.04.16 15:01:02.168,0.93368,0.93402,1.00,1.87
2015.04.16 15:01:02.329,0.93363,0.93402,1.37,1.87
2015.04.16 15:01:02.609,0.93368,0.93402,1.00,1.50
2015.04.16 15:01:03.051,0.93372,0.93406,1.00,1.12
2015.04.16 15:01:03.579,0.93373,0.93407,1.00,1.75
2015.04.16 15:01:03.680,0.93372,0.93415,1.50,1.00
2015.04.16 15:01:03.822,0.93382,0.93417,1.00,1.37
2015.04.16 15:01:04.290,0.93383,0.93417,1.00,1.75
2015.04.16 15:01:04.629,0.93379,0.93425,1.75,1.12
2015.04.16 15:01:04.730,0.93383,0.93427,1.12,1.00
2015.04.16 15:01:04.812,0.93398,0.93432,1.00,1.37
2015.04.16 15:01:04.862,0.93398,0.93432,1.00,1.37
2015.04.16 15:01:05.163,0.93398,0.93436,1.00,1.12
2015.04.16 15:01:05.792,0.93397,0.93443,1.00,2.62
2015.04.16 15:01:05.989,0.93398,0.93442,1.00,1.50
2015.04.16 15:01:06.700,0.93398,0.93442,1.37,1.37
2015.04.16 15:01:07.068,0.93397,0.93443,1.37,1.50
2015.04.16 15:01:07.170,0.93398,0.93443,1.37,1.00
2015.04.16 15:01:07.778,0.93403,0.93447,1.12,1.37
2015.04.16 15:01:08.201,0.93398,0.93447,1.37,1.75
2015.04.16 15:01:08.502,0.93398,0.93437,1.00,1.37
2015.04.16 15:01:09.100,0.93393,0.93427,1.37,1.00
2015.04.16 15:01:10.114,0.93387,0.93428,1.00,1.00
2015.04.16 15:01:10.642,0.93388,0.93422,1.00,1.00
2015.04.16 15:01:10.909,0.93387,0.93438,1.00,1.00
2015.04.16 15:01:10.960,0.93389,0.93438,1.00,1.00
2015.04.16 15:01:11.549,0.93394,0.93442,1.00,1.00
2015.04.16 15:01:11.773,0.93388,0.93443,1.37,1.00
2015.04.16 15:01:11.836,0.93387,0.93441,1.37,1.00
2015.04.16 15:01:12.173,0.93387,0.93441,1.75,1.75
2015.04.16 15:01:12.667,0.93397,0.93441,1.00,1.75
2015.04.16 15:01:13.029,0.93397,0.93433,1.00,1.37
2015.04.16 15:01:13.080,0.93393,0.93432,1.12,1.12
2015.04.16 15:01:13.438,0.93397,0.93433,1.00,1.37
2015.04.16 15:01:13.610,0.93388,0.93432,1.37,1.37
2015.04.16 15:01:13.767,0.93388,0.93432,1.12,1.37
2015.04.16 15:01:13.820,0.93388,0.93432,1.37,1.37
2015.04.16 15:01:13.921,0.93387,0.93433,1.37,1.37
2015.04.16 15:01:14.450,0.93388,0.93432,1.00,1.37
2015.04.16 15:01:16.582,0.93387,0.93433,1.37,1.37
2015.04.16 15:01:16.637,0.93387,0.93433,1.50,1.37
2015.04.16 15:01:17.039,0.93393,0.93437,1.37,1.37
2015.04.16 15:01:17.178,0.9339,0.93432,1.50,1.00
2015.04.16 15:01:17.542,0.93398,0.93432,1.00,1.00
2015.04.16 15:01:17.592,0.93393,0.93432,1.37,1.00
2015.04.16 15:01:17.643,0.93393,0.93432,1.75,1.00
2015.04.16 15:01:17.854,0.93393,0.93427,1.12,1.00
2015.04.16 15:01:18.122,0.93388,0.93432,1.00,1.50
2015.04.16 15:01:18.339,0.93393,0.93427,1.00,1.12
2015.04.16 15:01:18.780,0.93388,0.93427,1.00,1.12
2015.04.16 15:01:18.853,0.93388,0.93427,1.00,1.37
2015.04.16 15:01:19.191,0.93387,0.93423,1.00,1.00
2015.04.16 15:01:20.279,0.93387,0.93423,1.00,1.37
2015.04.16 15:01:20.329,0.93381,0.93422,1.12,1.37
2015.04.16 15:01:20.380,0.93381,0.93422,1.00,1.37
2015.04.16 15:01:20.430,0.93379,0.93422,1.00,1.37
2015.04.16 15:01:20.539,0.93383,0.93424,1.00,1.37
2015.04.16 15:01:20.842,0.93383,0.93417,1.00,1.00
2015.04.16 15:01:21.320,0.93387,0.93423,1.00,1.75
2015.04.16 15:01:21.899,0.93383,0.93424,1.00,1.12
2015.04.16 15:01:22.023,0.93383,0.93427,1.00,1.87
2015.04.16 15:01:22.124,0.93393,0.93427,1.00,1.87
2015.04.16 15:01:22.174,0.93393,0.93426,1.00,1.00
2015.04.16 15:01:22.630,0.93388,0.93426,1.00,1.00
2015.04.16 15:01:22.680,0.93388,0.93427,1.00,1.87
2015.04.16 15:01:23.069,0.93393,0.93427,1.00,1.87
2015.04.16 15:01:23.174,0.93393,0.93426,1.00,1.00
2015.04.16 15:01:23.325,0.93388,0.93422,1.00,1.00
2015.04.16 15:01:24.076,0.93378,0.93426,1.75,1.00
2015.04.16 15:01:24.127,0.93378,0.93424,1.12,1.12
2015.04.16 15:01:25.284,0.93382,0.93418,1.00,1.50
2015.04.16 15:01:25.900,0.93383,0.93417,1.00,1.00
2015.04.16 15:01:26.603,0.93382,0.93418,1.00,1.75
2015.04.16 15:01:27.627,0.93373,0.93417,1.00,1.12
2015.04.16 15:01:27.829,0.93378,0.93412,1.00,1.00
2015.04.16 15:01:28.395,0.93372,0.93408,1.00,1.00
2015.04.16 15:01:28.790,0.93367,0.93413,1.00,1.00
2015.04.16 15:01:29.164,0.93372,0.93412,1.00,1.00
2015.04.16 15:01:29.342,0.93373,0.93422,1.00,1.75
2015.04.16 15:01:29.393,0.93373,0.93422,1.00,1.00
2015.04.16 15:01:29.604,0.93378,0.93422,1.00,1.00
2015.04.16 15:01:31.175,0.93378,0.93416,1.00,1.50
2015.04.16 15:01:31.525,0.93362,0.93398,1.00,1.00
2015.04.16 15:01:32.211,0.9336,0.93392,1.00,1.00
2015.04.16 15:01:32.680,0.93363,0.93397,1.00,1.00
2015.04.16 15:01:33.630,0.9336,0.93392,1.00,1.00
2015.04.16 15:01:33.757,0.93358,0.93392,1.00,1.00
2015.04.16 15:01:33.849,0.93363,0.93397,1.00,1.00
2015.04.16 15:01:34.118,0.93357,0.93393,1.00,1.00
2015.04.16 15:01:34.622,0.93348,0.93392,1.37,1.00
2015.04.16 15:01:34.887,0.93347,0.93392,1.00,2.25
2015.04.16 15:01:35.210,0.93343,0.93382,1.50,1.00
2015.04.16 15:01:35.539,0.93347,0.93383,1.00,1.00
2015.04.16 15:01:36.044,0.93348,0.93382,1.00,1.00
2015.04.16 15:01:36.095,0.93347,0.93388,1.12,1.00
2015.04.16 15:01:36.597,0.93348,0.93387,1.00,1.00
2015.04.16 15:01:36.648,0.93347,0.93393,1.12,1.00
2015.04.16 15:01:36.819,0.93347,0.93388,1.12,1.00
2015.04.16 15:01:37.149,0.93353,0.93392,1.00,1.00
2015.04.16 15:01:38.186,0.93348,0.93392,1.75,1.00
2015.04.16 15:01:38.579,0.93352,0.93388,1.12,1.00
2015.04.16 15:01:39.132,0.93348,0.93387,1.75,1.00
2015.04.16 15:01:39.585,0.93352,0.93398,1.12,2.77
2015.04.16 15:01:39.794,0.93358,0.93401,1.00,1.00
2015.04.16 15:01:39.893,0.93358,0.93406,1.00,1.20
2015.04.16 15:01:40.121,0.93353,0.93397,1.00,1.00
2015.04.16 15:01:41.472,0.93354,0.93398,2.25,1.00
2015.04.16 15:01:42.099,0.93354,0.93397,2.25,1.00
2015.04.16 15:01:42.150,0.93353,0.93397,1.50,1.00
2015.04.16 15:01:42.647,0.93347,0.93383,1.75,1.00
2015.04.16 15:01:43.139,0.93347,0.93383,1.00,1.00
2015.04.16 15:01:43.660,0.93346,0.93393,1.00,1.00
2015.04.16 15:01:43.910,0.93344,0.93387,1.50,1.00
2015.04.16 15:01:44.289,0.93352,0.93388,1.00,1.00
2015.04.16 15:01:44.340,0.93353,0.93392,1.00,1.00
2015.04.16 15:01:44.630,0.93358,0.93397,1.00,1.00
2015.04.16 15:01:45.070,0.93368,0.93402,1.00,1.00
2015.04.16 15:01:45.292,0.93362,0.93398,1.37,1.00
2015.04.16 15:01:45.623,0.93363,0.93402,1.12,1.00
2015.04.16 15:01:45.673,0.93366,0.93402,1.12,1.00
2015.04.16 15:01:47.522,0.93363,0.93417,1.75,1.87
2015.04.16 15:01:47.576,0.93363,0.93417,1.37,1.87
2015.04.16 15:01:47.727,0.93363,0.93414,1.37,1.75
2015.04.16 15:01:47.777,0.93363,0.93414,1.37,1.75
2015.04.16 15:01:47.828,0.93368,0.93412,1.00,1.50
2015.04.16 15:01:48.327,0.93368,0.93412,1.00,1.00
2015.04.16 15:01:48.378,0.9336,0.93413,1.75,1.00
2015.04.16 15:01:48.579,0.93359,0.93405,1.12,1.00
2015.04.16 15:01:48.884,0.93357,0.93393,1.00,1.00
2015.04.16 15:01:49.185,0.93358,0.93392,1.37,1.00
2015.04.16 15:01:49.580,0.93362,0.93398,1.00,1.37
2015.04.16 15:01:49.687,0.93362,0.93398,1.00,1.12
2015.04.16 15:01:50.089,0.93362,0.93398,1.00,1.37
2015.04.16 15:01:50.790,0.93358,0.93392,1.00,1.00
2015.04.16 15:01:51.339,0.93358,0.93397,1.12,1.37
2015.04.16 15:01:51.574,0.93355,0.93397,1.37,1.37
2015.04.16 15:01:51.625,0.93355,0.93397,1.12,1.37
2015.04.16 15:01:51.927,0.93359,0.93397,1.12,1.00
2015.04.16 15:01:52.098,0.93356,0.93397,1.42,1.00
2015.04.16 15:01:52.209,0.93358,0.93402,1.37,1.37
2015.04.16 15:01:52.312,0.93362,0.93398,1.00,1.00
2015.04.16 15:01:52.860,0.93357,0.93393,1.37,1.00
2015.04.16 15:01:53.129,0.93355,0.93393,1.37,1.00
2015.04.16 15:01:53.660,0.93352,0.93393,1.12,1.00
2015.04.16 15:01:53.711,0.93352,0.93382,1.12,1.00
2015.04.16 15:01:54.092,0.93353,0.93387,1.50,1.00
2015.04.16 15:01:54.291,0.93352,0.93382,1.12,1.00
2015.04.16 15:01:54.619,0.93352,0.93388,1.87,1.00
2015.04.16 15:01:54.842,0.93357,0.93393,1.00,1.12
2015.04.16 15:01:54.943,0.93357,0.93393,1.37,1.00
2015.04.16 15:01:55.094,0.93353,0.93401,2.25,1.12
2015.04.16 15:01:55.144,0.93355,0.93402,1.12,1.00
2015.04.16 15:01:55.295,0.93358,0.93407,2.25,1.12
2015.04.16 15:01:55.346,0.93358,0.93407,2.25,1.12
2015.04.16 15:01:55.446,0.93362,0.93408,1.75,1.75
2015.04.16 15:01:58.139,0.93368,0.93412,1.37,1.37
2015.04.16 15:01:58.241,0.93368,0.93412,1.37,1.37
2015.04.16 15:01:58.582,0.93372,0.93416,1.37,1.12
2015.04.16 15:01:58.851,0.93367,0.93412,1.75,1.00
2015.04.16 15:01:58.951,0.93363,0.93412,2.92,1.00
2015.04.16 15:01:59.027,0.93363,0.93412,2.92,1.00
2015.04.16 15:01:59.178,0.93377,0.93417,1.00,1.00
2015.04.16 15:01:59.329,0.93377,0.93417,1.00,1.37
2015.04.16 15:01:59.581,0.93363,0.93414,1.00,1.00
2015.04.16 15:01:59.632,0.93363,0.93414,1.00,1.75
2015.04.16 15:01:59.959,0.93368,0.93402,1.00,1.50
2015.04.16 15:02:00.122,0.93363,0.93407,1.00,1.75
2015.04.16 15:02:00.324,0.93363,0.93407,1.37,1.00
2015.04.16 15:02:00.374,0.93358,0.93403,1.20,1.00
2015.04.16 15:02:00.779,0.93373,0.93407,1.00,1.00
2015.04.16 15:02:01.137,0.93373,0.93407,1.00,1.37
2015.04.16 15:02:03.049,0.93373,0.93407,1.37,1.00
2015.04.16 15:02:03.100,0.9337,0.93418,1.30,1.50
2015.04.16 15:02:03.151,0.93369,0.93407,1.60,1.12
2015.04.16 15:02:03.201,0.93362,0.93407,2.10,1.12
2015.04.16 15:02:03.359,0.93368,0.93402,1.00,1.00
2015.04.16 15:02:03.971,0.93363,0.93397,1.37,1.00
2015.04.16 15:02:04.300,0.93368,0.93402,1.00,1.00
2015.04.16 15:02:04.898,0.93367,0.93403,1.12,1.00
2015.04.16 15:02:05.291,0.93372,0.93405,1.00,1.00
2015.04.16 15:02:05.619,0.93367,0.93403,1.12,1.00
2015.04.16 15:02:06.831,0.93363,0.93402,1.00,1.00
2015.04.16 15:02:06.881,0.93363,0.93402,1.00,1.50
2015.04.16 15:02:07.099,0.93357,0.93403,1.37,1.87
2015.04.16 15:02:07.164,0.93357,0.93403,1.75,1.87
2015.04.16 15:02:07.505,0.93363,0.93403,1.00,1.12
2015.04.16 15:02:07.708,0.93363,0.93402,1.00,1.50
2015.04.16 15:02:07.938,0.93362,0.93398,1.12,1.00
2015.04.16 15:02:08.398,0.93362,0.93408,1.12,1.75
2015.04.16 15:02:08.590,0.93368,0.93402,1.00,1.12
2015.04.16 15:02:09.060,0.93372,0.93408,1.00,1.50
2015.04.16 15:02:09.575,0.93373,0.9341,1.00,1.12
2015.04.16 15:02:09.826,0.93373,0.93412,1.00,1.87
2015.04.16 15:02:10.079,0.93373,0.93412,1.00,1.37
2015.04.16 15:02:10.389,0.93367,0.93418,1.75,2.62
2015.04.16 15:02:10.782,0.93372,0.93417,1.37,1.12
2015.04.16 15:02:10.883,0.93372,0.93417,1.00,1.12
2015.04.16 15:02:11.388,0.93368,0.93412,1.37,1.12
2015.04.16 15:02:12.331,0.93373,0.93417,1.00,1.87
2015.04.16 15:02:13.484,0.93372,0.93417,1.12,1.37
2015.04.16 15:02:14.631,0.93372,0.93418,1.37,1.87
2015.04.16 15:02:15.099,0.93372,0.93418,1.75,1.50
2015.04.16 15:02:15.729,0.93373,0.93422,1.75,1.37
2015.04.16 15:02:16.141,0.93383,0.93417,1.00,1.37
2015.04.16 15:02:16.288,0.93377,0.93423,1.12,1.75
2015.04.16 15:02:16.951,0.93372,0.93418,1.37,1.37
2015.04.16 15:02:17.146,0.93373,0.93422,1.50,1.75
2015.04.16 15:02:17.332,0.93373,0.93422,1.75,1.37
2015.04.16 15:02:17.718,0.93377,0.93423,1.37,1.37
2015.04.16 15:02:19.223,0.93367,0.93403,1.87,1.00
2015.04.16 15:02:19.405,0.93368,0.93407,1.37,1.00
2015.04.16 15:02:19.589,0.93367,0.93403,1.37,1.00
2015.04.16 15:02:20.508,0.93368,0.93402,1.00,1.50
2015.04.16 15:02:20.558,0.93354,0.93392,1.75,1.00
2015.04.16 15:02:20.834,0.93355,0.93388,1.37,1.00
2015.04.16 15:02:21.138,0.93357,0.93393,1.75,1.00
2015.04.16 15:02:21.740,0.93357,0.93393,1.75,1.00
2015.04.16 15:02:22.548,0.93357,0.93393,2.25,1.00
2015.04.16 15:02:23.056,0.93357,0.93393,1.87,1.00
2015.04.16 15:02:23.157,0.93357,0.93392,1.12,1.00
2015.04.16 15:02:23.358,0.93348,0.93388,1.87,1.00
2015.04.16 15:02:23.661,0.93353,0.93387,1.37,1.00
2015.04.16 15:02:24.098,0.93349,0.93392,1.75,1.00
2015.04.16 15:02:24.268,0.93349,0.93392,1.50,1.00
2015.04.16 15:02:24.318,0.93349,0.93392,1.50,1.75
2015.04.16 15:02:24.664,0.93349,0.93393,1.75,1.75
2015.04.16 15:02:24.767,0.93349,0.93392,1.50,1.12
2015.04.16 15:02:24.872,0.93363,0.93392,1.00,1.12
2015.04.16 15:02:25.092,0.93357,0.93393,1.00,1.75
2015.04.16 15:02:25.199,0.93357,0.93393,1.37,1.00
2015.04.16 15:02:25.358,0.93353,0.93397,1.50,1.37
2015.04.16 15:02:25.486,0.93353,0.93397,1.00,1.00
2015.04.16 15:02:26.226,0.93353,0.93397,1.00,1.37
2015.04.16 15:02:26.574,0.93348,0.93392,1.75,1.75
2015.04.16 15:02:27.128,0.93353,0.93396,1.37,1.12
2015.04.16 15:02:27.249,0.93353,0.93397,1.37,1.37
2015.04.16 15:02:27.300,0.93352,0.934,1.87,1.12
2015.04.16 15:02:27.618,0.93358,0.934,1.37,1.37
2015.04.16 15:02:28.202,0.93358,0.934,1.00,1.12
2015.04.16 15:02:28.353,0.93358,0.93393,1.00,1.12
2015.04.16 15:02:28.404,0.93348,0.93393,1.37,1.12
2015.04.16 15:02:28.454,0.93348,0.93391,1.37,1.12
2015.04.16 15:02:28.609,0.93347,0.93391,1.00,1.75
2015.04.16 15:02:29.569,0.93343,0.93381,1.12,1.12
2015.04.16 15:02:29.933,0.93343,0.93388,1.12,1.75
2015.04.16 15:02:29.983,0.93347,0.93388,1.37,1.37
2015.04.16 15:02:30.328,0.93347,0.93394,2.25,1.12
2015.04.16 15:02:30.630,0.93348,0.93394,1.75,1.12
2015.04.16 15:02:31.133,0.93348,0.93397,1.75,1.37
2015.04.16 15:02:31.446,0.93358,0.93403,1.37,1.75
2015.04.16 15:02:31.758,0.93362,0.93412,1.50,1.75
2015.04.16 15:02:32.359,0.93362,0.93413,1.75,1.37
2015.04.16 15:02:32.459,0.93367,0.93413,1.50,1.37
2015.04.16 15:02:33.039,0.93373,0.93412,1.00,1.37
2015.04.16 15:02:33.140,0.93368,0.93417,1.00,1.75
2015.04.16 15:02:33.190,0.93368,0.93417,1.37,1.75
2015.04.16 15:02:33.500,0.93358,0.93405,1.37,1.75
2015.04.16 15:02:33.944,0.93358,0.93397,1.37,1.00
2015.04.16 15:02:35.658,0.93363,0.93397,1.00,1.00
2015.04.16 15:02:36.210,0.93363,0.93397,1.00,1.37
2015.04.16 15:02:36.762,0.93357,0.93401,1.37,1.12
2015.04.16 15:02:36.862,0.93358,0.93392,1.12,1.00
2015.04.16 15:02:37.356,0.93353,0.93387,1.37,1.00
2015.04.16 15:02:37.918,0.93353,0.93387,1.37,1.00
2015.04.16 15:02:38.069,0.93357,0.93393,1.12,1.00
2015.04.16 15:02:38.298,0.93353,0.93387,1.37,1.00
2015.04.16 15:02:38.617,0.93352,0.93393,1.75,1.00
2015.04.16 15:02:39.060,0.93348,0.93392,1.75,1.00
2015.04.16 15:02:39.215,0.93348,0.93392,1.37,1.37
2015.04.16 15:02:39.567,0.93352,0.93398,1.75,1.00
2015.04.16 15:02:39.731,0.93357,0.93401,1.50,1.37
2015.04.16 15:02:40.161,0.93362,0.93408,1.37,1.50
2015.04.16 15:02:40.322,0.93362,0.93408,1.37,1.50
2015.04.16 15:02:40.431,0.93357,0.93408,1.75,1.00
2015.04.16 15:02:40.531,0.93361,0.93408,1.00,1.00
2015.04.16 15:02:40.889,0.93363,0.93412,1.00,1.75
2015.04.16 15:02:41.191,0.93358,0.93395,1.00,1.37
2015.04.16 15:02:41.241,0.93347,0.93395,1.50,1.37
2015.04.16 15:02:41.326,0.93347,0.93395,1.37,1.12
2015.04.16 15:02:41.377,0.93348,0.93387,1.37,1.00
2015.04.16 15:02:41.966,0.93348,0.93387,1.12,1.12
2015.04.16 15:02:42.067,0.93344,0.93397,1.75,1.75
2015.04.16 15:02:42.168,0.9335,0.93401,1.12,1.00
2015.04.16 15:02:42.688,0.93357,0.93409,2.25,1.37
2015.04.16 15:02:43.181,0.93358,0.9341,1.75,1.12
2015.04.16 15:02:43.525,0.93373,0.93412,1.00,1.75
2015.04.16 15:02:43.688,0.93372,0.93413,1.00,1.37
2015.04.16 15:02:44.985,0.93373,0.93412,1.00,1.37
2015.04.16 15:02:45.358,0.93378,0.93417,1.00,1.75
2015.04.16 15:02:45.664,0.93378,0.93417,1.00,1.75
2015.04.16 15:02:45.965,0.93378,0.93417,1.00,1.37
2015.04.16 15:02:46.166,0.93378,0.93417,1.00,1.37
2015.04.16 15:02:46.539,0.93372,0.93418,1.37,1.37
2015.04.16 15:02:46.668,0.93372,0.93418,1.50,1.37
2015.04.16 15:02:46.902,0.93382,0.93418,1.00,1.37
2015.04.16 15:02:47.071,0.93382,0.93418,1.00,1.37
2015.04.16 15:02:47.222,0.93383,0.93422,1.00,1.75
2015.04.16 15:02:47.327,0.93378,0.93417,1.00,1.37
2015.04.16 15:02:47.428,0.93378,0.93417,1.00,1.87
2015.04.16 15:02:47.868,0.93383,0.93417,1.00,1.37
2015.04.16 15:02:48.297,0.93378,0.93419,1.37,1.12
2015.04.16 15:02:48.587,0.93378,0.93422,1.37,1.37
2015.04.16 15:02:48.688,0.93378,0.93422,1.37,1.37
2015.04.16 15:02:48.788,0.93378,0.93422,1.12,1.50
2015.04.16 15:02:49.285,0.93377,0.93423,1.12,1.75
2015.04.16 15:02:50.894,0.93388,0.93422,1.00,1.37
2015.04.16 15:02:51.058,0.93378,0.93422,1.12,1.37
2015.04.16 15:02:51.109,0.93378,0.93422,1.37,1.37
2015.04.16 15:02:51.297,0.93378,0.93422,1.12,1.50
2015.04.16 15:02:51.428,0.93377,0.93428,1.12,2.62
2015.04.16 15:02:51.820,0.93382,0.93418,1.00,1.37
2015.04.16 15:02:52.563,0.93378,0.9342,1.00,1.12
2015.04.16 15:02:52.614,0.93387,0.9342,1.00,1.12
2015.04.16 15:02:53.074,0.93383,0.93417,1.00,1.37
2015.04.16 15:02:53.411,0.93383,0.93417,1.00,1.75
2015.04.16 15:02:53.613,0.93373,0.93411,1.00,1.12
2015.04.16 15:02:53.799,0.93363,0.93407,1.75,1.12
2015.04.16 15:02:53.849,0.93363,0.93407,1.37,1.37
2015.04.16 15:02:54.358,0.93363,0.93407,1.37,1.37
2015.04.16 15:02:55.023,0.93363,0.93407,1.00,1.75
2015.04.16 15:02:55.350,0.93358,0.93402,1.12,1.37
2015.04.16 15:02:57.097,0.93363,0.93404,1.00,1.12
2015.04.16 15:02:57.944,0.93363,0.93403,1.00,1.75
2015.04.16 15:02:59.098,0.93357,0.93403,1.37,1.75
2015.04.16 15:02:59.198,0.93357,0.934,1.00,1.12
2015.04.16 15:02:59.517,0.93363,0.93397,1.00,1.50
2015.04.16 15:02:59.899,0.93362,0.93398,1.00,1.37
2015.04.16 15:03:00.761,0.93362,0.93398,1.00,1.37
2015.04.16 15:03:01.722,0.93363,0.93397,1.00,1.37
2015.04.16 15:03:02.369,0.93363,0.93397,1.00,1.12
2015.04.16 15:03:02.719,0.93363,0.93403,1.12,1.12
2015.04.16 15:03:02.876,0.93362,0.93403,1.37,1.12
2015.04.16 15:03:03.285,0.93363,0.93403,1.00,1.12
2015.04.16 15:03:03.386,0.93363,0.93407,1.37,1.75
2015.04.16 15:03:04.417,0.93362,0.93408,1.37,1.75
2015.04.16 15:03:04.894,0.93357,0.93403,1.75,1.37
2015.04.16 15:03:05.387,0.93363,0.93397,1.37,1.00
2015.04.16 15:03:07.460,0.93363,0.93412,1.75,1.75
2015.04.16 15:03:07.610,0.93363,0.93412,1.75,1.50
2015.04.16 15:03:07.932,0.93373,0.93417,1.00,1.75
2015.04.16 15:03:08.099,0.93382,0.93418,1.00,1.87
2015.04.16 15:03:08.321,0.93377,0.93413,1.00,1.12
2015.04.16 15:03:09.322,0.93377,0.93413,1.00,1.50
2015.04.16 15:03:10.297,0.93383,0.93414,1.00,1.12
2015.04.16 15:03:12.547,0.93383,0.93413,1.00,1.00
2015.04.16 15:03:12.648,0.93378,0.9342,1.00,1.37
2015.04.16 15:03:12.837,0.93383,0.9342,1.00,1.37
2015.04.16 15:03:13.278,0.93383,0.93423,1.37,1.12
2015.04.16 15:03:13.777,0.93383,0.93427,1.12,1.75
2015.04.16 15:03:15.186,0.93377,0.93428,1.37,1.75
2015.04.16 15:03:15.552,0.93377,0.93428,1.50,1.75
2015.04.16 15:03:16.457,0.93377,0.93428,1.75,1.75
2015.04.16 15:03:16.561,0.93379,0.93428,1.37,1.75
2015.04.16 15:03:16.773,0.93382,0.93427,1.37,1.12
2015.04.16 15:03:16.974,0.93382,0.93426,1.37,1.12
2015.04.16 15:03:17.264,0.93379,0.93427,1.75,1.12
2015.04.16 15:03:18.181,0.93397,0.93433,1.00,1.75
2015.04.16 15:03:18.471,0.93397,0.93433,1.00,1.75
2015.04.16 15:03:18.678,0.93397,0.93433,1.00,1.75
2015.04.16 15:03:18.882,0.93392,0.93428,1.00,1.50
2015.04.16 15:03:19.083,0.93392,0.93428,1.00,1.37
2015.04.16 15:03:19.318,0.93398,0.93432,1.00,1.50
2015.04.16 15:03:21.790,0.93398,0.93432,1.00,1.37
2015.04.16 15:03:21.941,0.93398,0.93432,1.00,1.37
2015.04.16 15:03:22.093,0.93398,0.93432,1.00,1.37
2015.04.16 15:03:22.195,0.93398,0.93432,1.00,1.00
2015.04.16 15:03:22.299,0.93402,0.93436,1.00,1.12
2015.04.16 15:03:22.400,0.93397,0.93437,1.37,1.12
2015.04.16 15:03:22.501,0.93397,0.93443,1.37,1.75
2015.04.16 15:03:24.160,0.93402,0.93447,1.00,1.75
2015.04.16 15:03:24.213,0.93398,0.93442,1.75,1.12
2015.04.16 15:03:24.313,0.93398,0.93442,1.75,1.00
2015.04.16 15:03:24.364,0.93397,0.93451,1.75,1.50
2015.04.16 15:03:24.414,0.93397,0.93451,1.75,1.87
2015.04.16 15:03:24.975,0.93408,0.93456,1.50,1.12
2015.04.16 15:03:25.025,0.93408,0.93456,1.75,1.37
2015.04.16 15:03:25.161,0.93412,0.93453,1.00,1.75
2015.04.16 15:03:25.517,0.93413,0.93452,1.00,1.75
2015.04.16 15:03:25.570,0.93403,0.93447,1.37,1.37
2015.04.16 15:03:25.621,0.93403,0.93447,1.50,1.37
2015.04.16 15:03:25.928,0.93408,0.93442,1.12,1.00
2015.04.16 15:03:26.129,0.93403,0.93447,1.37,1.37
2015.04.16 15:03:26.230,0.93403,0.93447,1.37,1.75
2015.04.16 15:03:26.642,0.93403,0.93447,1.00,1.75
2015.04.16 15:03:26.982,0.93408,0.93448,1.00,1.87
2015.04.16 15:03:27.139,0.93403,0.93448,1.00,1.87
2015.04.16 15:03:27.330,0.93397,0.93443,1.12,1.75
2015.04.16 15:03:27.449,0.93397,0.93443,1.37,1.75
2015.04.16 15:03:27.633,0.93397,0.93443,1.37,1.37
2015.04.16 15:03:27.834,0.93397,0.93443,1.50,1.37
2015.04.16 15:03:28.128,0.93398,0.93448,1.37,1.12
2015.04.16 15:03:28.179,0.93398,0.93448,1.50,1.12
2015.04.16 15:03:28.489,0.93408,0.93448,1.00,1.12
2015.04.16 15:03:28.650,0.93403,0.93447,1.12,1.75
2015.04.16 15:03:28.751,0.93403,0.93447,1.00,1.75
2015.04.16 15:03:29.170,0.93403,0.93447,1.12,1.75
2015.04.16 15:03:29.340,0.93413,0.93449,1.00,1.12
2015.04.16 15:03:29.785,0.93408,0.93451,1.50,1.12
2015.04.16 15:03:29.886,0.93401,0.93451,1.75,1.37
2015.04.16 15:03:29.987,0.93401,0.93457,1.87,1.75
2015.04.16 15:03:30.503,0.93412,0.93463,1.37,1.75
2015.04.16 15:03:30.781,0.93412,0.93463,1.00,1.75
2015.04.16 15:03:30.888,0.93412,0.93463,1.00,1.75
2015.04.16 15:03:31.098,0.93407,0.93458,1.37,1.75
2015.04.16 15:03:31.208,0.93407,0.93458,1.37,1.75
2015.04.16 15:03:31.563,0.93407,0.93458,1.12,1.12
2015.04.16 15:03:31.890,0.93407,0.93453,1.50,1.37
2015.04.16 15:03:32.805,0.93408,0.93452,1.50,1.37
2015.04.16 15:03:32.907,0.93407,0.93458,2.25,1.50
2015.04.16 15:03:33.108,0.93407,0.93457,1.75,1.00
2015.04.16 15:03:33.478,0.93417,0.93463,1.37,1.37
2015.04.16 15:03:33.579,0.93417,0.93463,1.37,1.37
2015.04.16 15:03:33.881,0.93414,0.93471,1.75,1.12
2015.04.16 15:03:33.982,0.93414,0.93469,1.75,1.12
2015.04.16 15:03:34.085,0.93414,0.93472,1.50,1.75
2015.04.16 15:03:34.189,0.93428,0.93472,1.00,1.75
2015.04.16 15:03:34.290,0.93428,0.93477,1.00,1.37
2015.04.16 15:03:34.369,0.93428,0.93472,1.00,1.00
2015.04.16 15:03:34.620,0.93428,0.93477,1.00,1.37
2015.04.16 15:03:34.888,0.93427,0.93476,1.37,1.12
2015.04.16 15:03:35.220,0.93428,0.93478,1.50,1.75
2015.04.16 15:03:35.436,0.93424,0.93477,1.75,1.75
2015.04.16 15:03:35.536,0.93428,0.93482,1.75,1.75
2015.04.16 15:03:35.637,0.93433,0.93477,1.37,1.00
2015.04.16 15:03:35.738,0.93433,0.93477,1.37,1.37
2015.04.16 15:03:35.839,0.93432,0.93478,1.00,1.00
2015.04.16 15:03:37.602,0.93433,0.93477,1.00,1.00
2015.04.16 15:03:37.653,0.93422,0.93478,1.00,1.50
2015.04.16 15:03:37.929,0.93432,0.93478,1.00,1.50
2015.04.16 15:03:38.030,0.93428,0.93472,1.00,1.00
2015.04.16 15:03:38.577,0.93432,0.93478,1.00,1.50
2015.04.16 15:03:38.637,0.93432,0.93478,1.00,1.37
2015.04.16 15:03:38.968,0.93433,0.93477,1.00,1.50
2015.04.16 15:03:39.969,0.93433,0.93477,1.00,1.87
2015.04.16 15:03:40.026,0.93433,0.93477,1.37,1.50
2015.04.16 15:03:40.126,0.93433,0.93477,1.37,1.50
2015.04.16 15:03:40.673,0.93432,0.93483,1.50,1.75
2015.04.16 15:03:41.631,0.93438,0.93487,1.00,1.75
2015.04.16 15:03:41.682,0.93438,0.93487,1.12,1.75
2015.04.16 15:03:42.321,0.93438,0.93487,1.12,1.75
2015.04.16 15:03:42.372,0.93438,0.93487,1.37,1.75
2015.04.16 15:03:42.436,0.93438,0.93487,1.37,1.75
2015.04.16 15:03:42.546,0.93433,0.93482,1.37,1.37
2015.04.16 15:03:42.852,0.93437,0.93488,1.00,1.75
2015.04.16 15:03:43.197,0.93437,0.93482,1.00,1.37
2015.04.16 15:03:43.679,0.93437,0.93483,1.37,1.87
2015.04.16 15:03:43.780,0.93437,0.93483,1.37,1.87
2015.04.16 15:03:44.327,0.93438,0.93482,1.00,1.50
2015.04.16 15:03:44.428,0.93438,0.93482,1.00,1.50
2015.04.16 15:03:44.545,0.93437,0.93483,1.00,1.12
2015.04.16 15:03:44.849,0.93437,0.93486,1.00,1.12
2015.04.16 15:03:45.350,0.93438,0.93486,1.00,1.12
2015.04.16 15:03:45.702,0.93433,0.93485,1.00,1.75
2015.04.16 15:03:45.803,0.93427,0.93471,1.37,1.12
2015.04.16 15:03:46.004,0.93427,0.93475,1.00,1.12
2015.04.16 15:03:46.598,0.93432,0.93468,1.00,1.50
2015.04.16 15:03:47.148,0.93433,0.93475,1.00,1.12
2015.04.16 15:03:47.327,0.93433,0.93477,1.00,1.50
2015.04.16 15:03:47.427,0.93428,0.93477,1.00,1.50
2015.04.16 15:03:47.478,0.93428,0.93477,1.00,1.12
2015.04.16 15:03:47.917,0.93433,0.93482,1.00,1.75
2015.04.16 15:03:48.998,0.93433,0.9348,1.37,1.75
2015.04.16 15:03:50.127,0.93433,0.93479,1.37,1.37
2015.04.16 15:03:50.834,0.93433,0.93482,1.50,1.87
2015.04.16 15:03:51.196,0.93432,0.93479,1.37,1.37
2015.04.16 15:03:51.500,0.93432,0.93479,1.00,1.12
2015.04.16 15:03:51.802,0.93432,0.93479,1.00,1.12
2015.04.16 15:03:52.203,0.93433,0.93468,1.00,1.12
2015.04.16 15:03:52.659,0.93428,0.93468,1.00,1.12
2015.04.16 15:03:53.389,0.93427,0.93468,1.00,1.12
2015.04.16 15:03:54.555,0.93433,0.93472,1.12,1.37
2015.04.16 15:03:55.014,0.93432,0.9348,1.37,2.25
2015.04.16 15:03:55.065,0.93424,0.93481,1.75,1.00
2015.04.16 15:03:55.115,0.93424,0.93481,1.75,1.00
2015.04.16 15:03:55.317,0.93437,0.93482,1.37,1.00
2015.04.16 15:03:55.421,0.93437,0.93485,1.87,1.12
2015.04.16 15:03:55.522,0.93437,0.93484,1.37,1.12
2015.04.16 15:03:55.918,0.93437,0.93491,1.00,1.75
2015.04.16 15:03:56.077,0.93442,0.93491,1.00,1.75
2015.04.16 15:03:56.179,0.93438,0.93482,1.00,1.00
2015.04.16 15:03:56.393,0.93442,0.93488,1.00,1.50
2015.04.16 15:03:56.799,0.93437,0.93492,1.00,1.12
2015.04.16 15:03:57.157,0.93453,0.93492,1.00,1.12
2015.04.16 15:03:57.450,0.93453,0.93497,1.00,1.37
2015.04.16 15:03:58.026,0.93453,0.93497,1.00,1.87
2015.04.16 15:03:58.147,0.93447,0.93496,1.37,1.12
2015.04.16 15:03:58.428,0.93448,0.93492,1.00,1.50
2015.04.16 15:03:59.034,0.93442,0.93482,1.12,1.12
2015.04.16 15:03:59.580,0.93437,0.9348,1.37,1.00
2015.04.16 15:04:00.149,0.93438,0.9348,1.00,1.00
2015.04.16 15:04:00.666,0.93438,0.93484,1.00,1.75
2015.04.16 15:04:00.767,0.93438,0.93484,1.37,1.12
2015.04.16 15:04:01.089,0.93438,0.93483,1.00,1.37
2015.04.16 15:04:01.671,0.93438,0.93484,1.37,1.75
2015.04.16 15:04:02.625,0.93433,0.93479,1.75,1.12
2015.04.16 15:04:02.895,0.93427,0.93478,1.75,1.75
2015.04.16 15:04:03.046,0.93427,0.93477,1.37,1.12
2015.04.16 15:04:03.096,0.93433,0.93477,1.00,1.12
2015.04.16 15:04:03.147,0.93433,0.93478,1.37,1.12
2015.04.16 15:04:03.743,0.93433,0.93478,1.37,1.37
2015.04.16 15:04:04.350,0.93432,0.93478,1.37,1.12
2015.04.16 15:04:04.551,0.93432,0.93478,1.37,1.12
2015.04.16 15:04:05.657,0.93428,0.93477,1.75,1.37
2015.04.16 15:04:05.995,0.93428,0.93477,1.75,1.37
2015.04.16 15:04:06.357,0.93428,0.93477,1.75,1.00
2015.04.16 15:04:06.458,0.93429,0.93478,1.75,1.37
2015.04.16 15:04:06.689,0.93428,0.93487,1.75,1.87
2015.04.16 15:04:06.906,0.93428,0.93487,1.37,1.87
2015.04.16 15:04:07.152,0.93424,0.93472,1.75,1.00
2015.04.16 15:04:07.202,0.93424,0.93472,1.37,1.00
2015.04.16 15:04:08.098,0.9343,0.93472,1.00,1.00
2015.04.16 15:04:08.566,0.9343,0.93472,1.75,1.00
2015.04.16 15:04:08.616,0.9343,0.93478,1.75,1.12
2015.04.16 15:04:09.120,0.93433,0.93478,1.75,1.00
2015.04.16 15:04:09.473,0.93433,0.93478,1.50,1.00
2015.04.16 15:04:09.574,0.93433,0.93478,1.75,1.00
2015.04.16 15:04:09.675,0.9343,0.93478,1.75,1.37
2015.04.16 15:04:09.807,0.9343,0.93478,1.50,1.37
2015.04.16 15:04:11.545,0.93434,0.93487,1.37,1.75
2015.04.16 15:04:11.596,0.93434,0.93487,1.37,1.50
2015.04.16 15:04:12.135,0.93434,0.93483,1.75,1.50
2015.04.16 15:04:12.186,0.93434,0.93483,1.75,1.00
2015.04.16 15:04:12.286,0.93438,0.93483,1.37,1.37
2015.04.16 15:04:12.787,0.93438,0.93482,1.00,1.00
2015.04.16 15:04:12.910,0.93442,0.93488,1.00,1.00
2015.04.16 15:04:13.516,0.93443,0.93487,1.00,1.00
2015.04.16 15:04:13.896,0.93438,0.93482,1.87,1.00
2015.04.16 15:04:14.208,0.93433,0.93483,1.00,1.75
2015.04.16 15:04:14.430,0.93427,0.93473,1.00,1.00
2015.04.16 15:04:14.620,0.93433,0.93477,1.00,1.00
2015.04.16 15:04:14.866,0.93427,0.93478,1.00,1.12
2015.04.16 15:04:15.106,0.93428,0.93472,1.00,1.00
2015.04.16 15:04:15.609,0.93424,0.93472,1.12,1.00
2015.04.16 15:04:15.870,0.93428,0.93472,1.00,1.00
2015.04.16 15:04:16.047,0.93424,0.93472,1.37,1.00
2015.04.16 15:04:16.098,0.93424,0.93472,1.75,1.00
2015.04.16 15:04:16.198,0.93429,0.93472,1.37,1.00
2015.04.16 15:04:16.318,0.93429,0.93472,1.37,1.00
2015.04.16 15:04:16.859,0.93429,0.93478,1.37,1.37
2015.04.16 15:04:17.100,0.93429,0.93477,1.00,1.00
2015.04.16 15:04:17.802,0.93429,0.93477,1.75,1.00
2015.04.16 15:04:18.409,0.93429,0.93482,1.75,1.50
2015.04.16 15:04:18.510,0.93429,0.93481,1.75,1.75
2015.04.16 15:04:18.630,0.93432,0.93479,1.37,1.12
2015.04.16 15:04:18.977,0.93432,0.93478,1.00,1.12
2015.04.16 15:04:19.028,0.93432,0.93479,1.12,1.12
2015.04.16 15:04:20.355,0.93423,0.93472,2.25,1.37
2015.04.16 15:04:20.456,0.93428,0.93477,1.37,1.75
2015.04.16 15:04:21.038,0.93428,0.93477,1.00,1.87
2015.04.16 15:04:21.215,0.93428,0.93477,1.00,1.87
2015.04.16 15:04:21.266,0.93423,0.93473,1.00,1.75
2015.04.16 15:04:21.316,0.93423,0.93473,1.00,1.75
2015.04.16 15:04:21.367,0.93417,0.9347,1.37,1.75
2015.04.16 15:04:21.644,0.93418,0.93471,1.37,1.75
2015.04.16 15:04:22.019,0.93422,0.93471,1.00,1.75
2015.04.16 15:04:22.120,0.93422,0.93473,1.12,1.75
2015.04.16 15:04:22.547,0.9342,0.93468,1.00,1.12
2015.04.16 15:04:22.867,0.93415,0.93468,1.37,1.12
2015.04.16 15:04:22.918,0.93422,0.93468,1.00,1.12
2015.04.16 15:04:23.523,0.93422,0.93468,1.00,1.50
2015.04.16 15:04:23.646,0.93418,0.93468,1.00,1.12
2015.04.16 15:04:23.747,0.93418,0.9346,1.00,1.37
2015.04.16 15:04:23.869,0.93413,0.9346,1.12,1.37
2015.04.16 15:04:23.970,0.93415,0.93462,1.37,1.75
2015.04.16 15:04:24.222,0.93423,0.93473,1.00,1.37
2015.04.16 15:04:24.272,0.9342,0.93473,1.75,1.50
2015.04.16 15:04:24.457,0.93418,0.93473,1.75,1.00
2015.04.16 15:04:25.645,0.93418,0.93467,2.25,1.37
2015.04.16 15:04:26.131,0.93417,0.93463,1.37,1.37
2015.04.16 15:04:26.568,0.93417,0.93463,1.75,1.00
2015.04.16 15:04:26.668,0.93418,0.93462,1.37,1.00
2015.04.16 15:04:26.934,0.93417,0.93463,1.37,1.00
2015.04.16 15:04:27.134,0.93417,0.93463,1.37,1.00
2015.04.16 15:04:27.335,0.93417,0.93463,1.00,1.37
2015.04.16 15:04:27.386,0.93413,0.93457,1.87,1.00
2015.04.16 15:04:27.737,0.93413,0.93457,2.25,1.00
2015.04.16 15:04:27.818,0.93413,0.93462,2.25,1.12
2015.04.16 15:04:27.868,0.93413,0.93462,1.37,1.50
2015.04.16 15:04:28.089,0.93413,0.93462,2.25,1.37
2015.04.16 15:04:28.139,0.93413,0.93462,2.25,1.37
2015.04.16 15:04:28.477,0.93418,0.93457,1.37,1.00
2015.04.16 15:04:28.629,0.93412,0.93458,1.75,1.37
2015.04.16 15:04:28.729,0.93407,0.93453,1.75,1.00
2015.04.16 15:04:28.976,0.93407,0.93453,1.00,1.00
2015.04.16 15:04:29.543,0.93407,0.93453,1.75,1.12
2015.04.16 15:04:29.644,0.93407,0.93458,1.75,1.37
2015.04.16 15:04:29.799,0.93406,0.93453,1.75,1.00
2015.04.16 15:04:29.850,0.93406,0.93453,1.50,1.00
2015.04.16 15:04:30.717,0.93406,0.93452,1.50,1.00
2015.04.16 15:04:31.168,0.93406,0.93452,1.75,1.00
2015.04.16 15:04:31.338,0.93411,0.93458,1.37,1.37
2015.04.16 15:04:31.658,0.93411,0.93457,1.50,1.00
2015.04.16 15:04:31.897,0.93418,0.93462,1.37,1.00
2015.04.16 15:04:31.952,0.93418,0.93462,1.37,1.00
2015.04.16 15:04:32.116,0.93422,0.93469,1.12,1.12
2015.04.16 15:04:32.167,0.93422,0.93467,1.00,1.37
2015.04.16 15:04:32.267,0.93422,0.93467,1.00,1.00
2015.04.16 15:04:32.368,0.93421,0.93467,1.50,1.12
2015.04.16 15:04:32.815,0.93422,0.93473,1.37,1.37
2015.04.16 15:04:33.096,0.93421,0.93467,1.37,1.00
2015.04.16 15:04:34.146,0.93421,0.93472,1.00,1.37
2015.04.16 15:04:34.197,0.93418,0.93472,1.37,2.25
2015.04.16 15:04:34.762,0.93417,0.93462,1.37,1.37
2015.04.16 15:04:35.566,0.93417,0.93462,1.75,1.00
2015.04.16 15:04:35.667,0.93417,0.93467,1.50,1.37
2015.04.16 15:04:35.768,0.93417,0.93468,1.50,1.75
2015.04.16 15:04:35.869,0.93417,0.93467,1.50,1.75
2015.04.16 15:04:36.397,0.93414,0.93457,1.12,1.00
2015.04.16 15:04:36.969,0.93412,0.93457,1.37,1.12
2015.04.16 15:04:37.279,0.93412,0.93452,1.37,1.00
2015.04.16 15:04:37.370,0.93412,0.93452,1.37,1.00
2015.04.16 15:04:37.471,0.93408,0.93452,1.37,1.12
2015.04.16 15:04:37.572,0.93408,0.93452,1.37,1.37
2015.04.16 15:04:37.777,0.93403,0.93456,1.75,1.75
2015.04.16 15:04:37.878,0.93404,0.93447,1.12,1.00
2015.04.16 15:04:38.050,0.93404,0.93458,1.87,1.75
2015.04.16 15:04:39.975,0.93404,0.93452,1.75,1.00
2015.04.16 15:04:40.796,0.93404,0.93458,1.75,1.50
2015.04.16 15:04:40.984,0.93404,0.93456,1.75,1.12
2015.04.16 15:04:41.086,0.93404,0.93456,1.75,1.12
2015.04.16 15:04:41.137,0.93404,0.93443,1.75,1.00
2015.04.16 15:04:41.188,0.93404,0.93443,1.75,1.00
2015.04.16 15:04:41.490,0.93402,0.93443,1.37,1.00
2015.04.16 15:04:41.591,0.93402,0.93448,1.37,1.37
2015.04.16 15:04:41.897,0.93402,0.93443,1.87,1.00
2015.04.16 15:04:42.144,0.93401,0.93447,1.37,1.12
2015.04.16 15:04:42.196,0.93401,0.93447,1.75,1.00
2015.04.16 15:04:42.348,0.93402,0.93452,1.75,1.37
2015.04.16 15:04:42.399,0.93402,0.93452,1.75,1.12
2015.04.16 15:04:42.500,0.93406,0.93452,1.75,1.00
2015.04.16 15:04:42.802,0.93414,0.93463,1.00,1.00
2015.04.16 15:04:42.853,0.93418,0.93463,1.00,1.00
2015.04.16 15:04:43.167,0.93421,0.93463,1.00,1.00
2015.04.16 15:04:43.486,0.93426,0.93463,1.00,1.00
2015.04.16 15:04:43.546,0.93426,0.93468,1.00,1.00
2015.04.16 15:04:43.906,0.93426,0.93472,1.00,1.00
2015.04.16 15:04:44.148,0.93426,0.93473,1.50,1.00
2015.04.16 15:04:44.536,0.93426,0.93472,1.75,1.00
2015.04.16 15:04:44.926,0.93426,0.93472,1.50,1.00
2015.04.16 15:04:45.473,0.93426,0.93473,1.50,1.00
2015.04.16 15:04:46.021,0.93426,0.93473,1.75,1.37
2015.04.16 15:04:46.623,0.93426,0.93473,1.37,1.37
2015.04.16 15:04:46.723,0.93426,0.93473,1.37,1.37
2015.04.16 15:04:46.966,0.93423,0.93472,1.37,1.37
2015.04.16 15:04:47.516,0.93423,0.93467,1.50,1.00
2015.04.16 15:04:49.477,0.93423,0.93467,1.75,1.00
2015.04.16 15:04:49.628,0.93422,0.93473,2.25,1.12
2015.04.16 15:04:50.532,0.93427,0.93473,1.75,1.12
2015.04.16 15:04:50.835,0.9343,0.93483,1.75,1.87
2015.04.16 15:04:50.938,0.9343,0.93483,1.75,1.87
2015.04.16 15:04:51.034,0.9343,0.93483,1.37,1.87
2015.04.16 15:04:51.336,0.93433,0.93483,1.37,1.12
2015.04.16 15:04:51.638,0.93427,0.93482,1.37,1.87
2015.04.16 15:04:51.950,0.93421,0.93472,1.75,1.37
2015.04.16 15:04:52.305,0.93421,0.93472,1.37,1.50
2015.04.16 15:04:52.456,0.93417,0.93472,1.75,1.87
2015.04.16 15:04:52.557,0.9342,0.93472,1.50,1.37
2015.04.16 15:04:53.117,0.9342,0.93477,1.75,2.25
2015.04.16 15:04:53.442,0.93422,0.93473,1.75,1.37
2015.04.16 15:04:55.142,0.93426,0.93467,1.75,1.00
2015.04.16 15:04:55.448,0.93426,0.93467,1.75,1.00
2015.04.16 15:04:57.053,0.93426,0.93467,1.37,1.00
2015.04.16 15:04:57.158,0.93423,0.93467,1.37,1.00
2015.04.16 15:04:57.396,0.93422,0.93468,1.37,1.12
2015.04.16 15:04:57.454,0.93422,0.93468,1.37,1.37
2015.04.16 15:04:57.562,0.93422,0.93468,1.37,1.37
2015.04.16 15:04:58.067,0.93418,0.93458,1.87,1.00
2015.04.16 15:04:58.627,0.93418,0.93462,2.25,1.00
2015.04.16 15:04:58.982,0.93418,0.93463,1.37,1.37
2015.04.16 15:04:59.083,0.93418,0.93457,1.37,1.00
2015.04.16 15:04:59.391,0.93426,0.93463,1.12,1.00
2015.04.16 15:04:59.736,0.93426,0.93467,1.37,1.00
2015.04.16 15:05:00.376,0.93426,0.93468,1.37,1.00
2015.04.16 15:05:01.368,0.93427,0.93473,1.37,1.37
2015.04.16 15:05:01.419,0.93426,0.93468,1.37,1.00
2015.04.16 15:05:01.795,0.93426,0.93468,1.75,1.00
2015.04.16 15:05:01.846,0.93428,0.93472,1.50,1.00
2015.04.16 15:05:02.030,0.93428,0.93479,1.50,1.37
2015.04.16 15:05:02.197,0.93428,0.93481,1.75,1.37
2015.04.16 15:05:02.576,0.93433,0.93477,1.75,1.00
2015.04.16 15:05:03.127,0.93433,0.93478,1.75,1.00
2015.04.16 15:05:03.403,0.93432,0.93478,1.50,1.37
2015.04.16 15:05:03.706,0.93428,0.93477,1.37,1.37
2015.04.16 15:05:05.187,0.93431,0.93477,1.37,1.37
2015.04.16 15:05:05.627,0.93431,0.93477,1.50,1.00
2015.04.16 15:05:07.155,0.93431,0.93477,1.50,1.37
2015.04.16 15:05:07.767,0.93431,0.93477,1.50,1.12
2015.04.16 15:05:08.285,0.93431,0.93477,1.37,1.00
2015.04.16 15:05:08.486,0.93431,0.93478,1.75,1.00
2015.04.16 15:05:08.587,0.93431,0.93478,1.75,1.00
2015.04.16 15:05:10.444,0.93431,0.93478,1.75,1.00
2015.04.16 15:05:10.993,0.93431,0.93477,1.50,1.12
2015.04.16 15:05:11.200,0.93431,0.93478,1.75,1.00
2015.04.16 15:05:11.555,0.93435,0.93477,1.75,1.00
2015.04.16 15:05:12.145,0.93435,0.93478,1.75,1.00
2015.04.16 15:05:12.706,0.93435,0.93477,1.75,1.00
2015.04.16 15:05:13.256,0.93442,0.93477,1.75,1.00
2015.04.16 15:05:14.246,0.93442,0.93478,2.25,1.00
2015.04.16 15:05:14.569,0.93442,0.93483,2.62,1.00
2015.04.16 15:05:14.670,0.93442,0.93483,1.50,1.37
2015.04.16 15:05:14.833,0.9344,0.93478,1.12,1.00
2015.04.16 15:05:15.170,0.93435,0.93482,1.75,1.00
2015.04.16 15:05:15.339,0.93435,0.93487,1.75,1.00
2015.04.16 15:05:15.496,0.93442,0.93493,1.12,1.00
2015.04.16 15:05:16.166,0.93442,0.93493,1.37,1.37
2015.04.16 15:05:16.506,0.93442,0.93493,1.75,1.37
2015.04.16 15:05:16.777,0.93442,0.93498,1.75,1.75
2015.04.16 15:05:16.837,0.93442,0.93498,1.75,1.75
2015.04.16 15:05:17.387,0.93442,0.93497,1.75,1.75
2015.04.16 15:05:18.041,0.93442,0.93493,1.75,1.12
2015.04.16 15:05:18.477,0.93442,0.93497,1.75,1.75
2015.04.16 15:05:18.845,0.93442,0.93497,1.75,1.37
2015.04.16 15:05:19.179,0.93442,0.93487,1.75,1.12
2015.04.16 15:05:19.498,0.93439,0.93483,1.37,1.00
2015.04.16 15:05:19.848,0.93439,0.93483,1.12,1.00
2015.04.16 15:05:20.859,0.93442,0.93482,1.75,1.00
2015.04.16 15:05:21.276,0.93442,0.93482,1.37,1.00
2015.04.16 15:05:21.862,0.93439,0.93482,1.12,1.00
2015.04.16 15:05:22.407,0.93438,0.93482,1.75,1.00
2015.04.16 15:05:22.666,0.93438,0.93482,2.25,1.00
2015.04.16 15:05:22.758,0.93438,0.93482,2.25,1.00
2015.04.16 15:05:23.162,0.93438,0.93482,2.25,1.00
2015.04.16 15:05:23.606,0.93442,0.93488,1.75,1.00
2015.04.16 15:05:24.063,0.93442,0.93488,1.75,1.00
2015.04.16 15:05:24.665,0.93444,0.93487,1.50,1.00
2015.04.16 15:05:26.844,0.93443,0.93482,1.37,1.00
2015.04.16 15:05:27.743,0.93441,0.93488,1.75,1.37
2015.04.16 15:05:28.096,0.93441,0.93482,1.75,1.00
2015.04.16 15:05:28.616,0.93445,0.93482,1.37,1.00
2015.04.16 15:05:28.867,0.93445,0.93487,1.75,1.00
2015.04.16 15:05:28.974,0.93445,0.93487,1.75,1.00
2015.04.16 15:05:29.305,0.93448,0.93492,1.75,1.00
2015.04.16 15:05:29.887,0.93448,0.93493,1.50,1.00
2015.04.16 15:05:29.988,0.93448,0.93493,1.75,1.00
2015.04.16 15:05:30.077,0.93448,0.93493,1.37,1.12
2015.04.16 15:05:30.178,0.93448,0.93492,1.37,1.00
2015.04.16 15:05:31.179,0.93447,0.93498,1.37,1.37
2015.04.16 15:05:32.187,0.93447,0.93498,1.75,1.75
2015.04.16 15:05:32.296,0.93447,0.93498,1.75,1.37
2015.04.16 15:05:32.397,0.9345,0.93498,1.75,1.12
2015.04.16 15:05:32.497,0.93454,0.93498,1.37,1.37
2015.04.16 15:05:32.598,0.93454,0.93498,1.75,1.00
2015.04.16 15:05:33.680,0.93454,0.93497,1.50,1.00
2015.04.16 15:05:34.090,0.93454,0.93497,1.75,1.37
2015.04.16 15:05:34.205,0.93454,0.93497,1.50,1.00
2015.04.16 15:05:34.305,0.93454,0.93497,1.75,1.00
2015.04.16 15:05:34.406,0.93456,0.93497,1.00,1.00
2015.04.16 15:05:34.807,0.93457,0.93503,1.00,1.00
2015.04.16 15:05:35.025,0.93456,0.93507,1.00,1.00
2015.04.16 15:05:35.196,0.93454,0.93507,1.75,1.37
2015.04.16 15:05:35.448,0.93448,0.93501,1.00,1.00
2015.04.16 15:05:35.578,0.93445,0.93492,1.00,1.00
2015.04.16 15:05:35.796,0.93447,0.93498,1.00,1.00
2015.04.16 15:05:36.312,0.93447,0.93498,1.75,1.37
2015.04.16 15:05:37.222,0.93453,0.93503,1.75,1.37
2015.04.16 15:05:37.827,0.93453,0.93503,1.75,1.00
2015.04.16 15:05:38.216,0.93456,0.93503,1.75,1.00
2015.04.16 15:05:38.304,0.93456,0.93503,1.75,1.00
2015.04.16 15:05:38.354,0.93464,0.93502,1.12,1.00
2015.04.16 15:05:38.556,0.93465,0.93508,1.75,1.12
2015.04.16 15:05:38.671,0.93463,0.93508,1.12,1.37
2015.04.16 15:05:39.608,0.93462,0.93507,1.12,1.37
2015.04.16 15:05:40.138,0.93455,0.93508,1.37,1.75
2015.04.16 15:05:40.239,0.93455,0.93508,1.00,1.75
2015.04.16 15:05:40.410,0.93455,0.93503,1.50,1.37
2015.04.16 15:05:40.712,0.93455,0.93497,1.75,1.00
2015.04.16 15:05:40.840,0.93455,0.93497,1.50,1.00
2015.04.16 15:05:40.891,0.93457,0.93503,1.37,1.37
2015.04.16 15:05:40.941,0.93457,0.93503,1.50,1.12
2015.04.16 15:05:43.163,0.93458,0.93502,1.37,1.00
2015.04.16 15:05:43.216,0.9346,0.93513,1.00,1.00
2015.04.16 15:05:43.317,0.9346,0.93507,1.00,1.00
2015.04.16 15:05:43.824,0.93454,0.93509,1.87,1.00
2015.04.16 15:05:43.876,0.93454,0.93503,1.87,1.00
2015.04.16 15:05:44.059,0.93449,0.93502,1.75,1.00
2015.04.16 15:05:44.386,0.93449,0.93498,1.75,1.00
2015.04.16 15:05:44.762,0.93449,0.93498,1.87,1.75
2015.04.16 15:05:45.414,0.93452,0.93497,1.12,1.37
2015.04.16 15:05:45.585,0.93449,0.93497,1.50,1.37
2015.04.16 15:05:46.429,0.93449,0.93497,1.50,1.37
2015.04.16 15:05:46.538,0.93449,0.93497,1.87,1.37
2015.04.16 15:05:46.850,0.93449,0.935,1.87,1.12
2015.04.16 15:05:47.036,0.93449,0.935,1.50,1.75
2015.04.16 15:05:47.179,0.93449,0.93497,1.87,1.37
2015.04.16 15:05:47.565,0.93451,0.93502,1.37,1.75
2015.04.16 15:05:47.934,0.93449,0.93502,2.25,1.75
2015.04.16 15:05:48.879,0.93451,0.93498,1.12,1.37
2015.04.16 15:05:49.081,0.93449,0.93496,1.50,1.75
2015.04.16 15:05:49.182,0.93446,0.93496,1.12,1.87
2015.04.16 15:05:49.286,0.93443,0.93497,2.25,1.37
2015.04.16 15:05:49.337,0.93443,0.93493,1.75,1.00
2015.04.16 15:05:49.567,0.93447,0.93497,1.12,1.50
2015.04.16 15:05:50.205,0.93448,0.93498,1.37,1.00
2015.04.16 15:05:50.945,0.93449,0.93498,1.12,1.00
2015.04.16 15:05:51.814,0.93449,0.93497,1.12,1.00
2015.04.16 15:05:52.097,0.93449,0.93497,1.00,1.37
2015.04.16 15:05:52.148,0.93447,0.93497,1.50,1.12
2015.04.16 15:05:52.487,0.93446,0.93487,1.12,1.00
2015.04.16 15:05:53.066,0.93446,0.93488,1.12,1.00
2015.04.16 15:05:53.197,0.93442,0.93488,1.50,1.12
2015.04.16 15:05:53.302,0.9344,0.93491,1.12,1.00
2015.04.16 15:05:53.353,0.9344,0.93492,1.12,1.87
2015.04.16 15:05:53.454,0.93442,0.93487,1.00,1.37
2015.04.16 15:05:53.619,0.93442,0.93482,1.00,1.00
2015.04.16 15:05:53.938,0.93438,0.93477,1.12,1.00
2015.04.16 15:05:53.989,0.93437,0.93477,1.37,1.00
2015.04.16 15:05:54.356,0.93433,0.93477,1.75,1.00
2015.04.16 15:05:54.668,0.93433,0.93478,1.75,1.00
2015.04.16 15:05:55.159,0.93433,0.93478,1.37,1.00
2015.04.16 15:05:55.507,0.93427,0.93478,2.25,1.00
2015.04.16 15:05:55.611,0.93435,0.93477,1.12,1.12
2015.04.16 15:05:55.913,0.93429,0.93472,1.12,1.00
2015.04.16 15:05:57.326,0.93431,0.93473,1.75,1.00
2015.04.16 15:05:57.377,0.93431,0.93477,1.75,1.00
2015.04.16 15:05:57.591,0.93431,0.93477,1.75,1.00
2015.04.16 15:05:58.020,0.93437,0.93482,1.50,1.00
2015.04.16 15:05:58.170,0.93437,0.93483,1.75,1.00
2015.04.16 15:05:59.073,0.93437,0.93483,1.37,1.00
2015.04.16 15:05:59.529,0.93433,0.93477,1.12,1.00
2015.04.16 15:05:59.687,0.93432,0.93477,1.50,1.00
2015.04.16 15:05:59.788,0.93429,0.93477,1.50,1.12
2015.04.16 15:05:59.889,0.93429,0.93477,1.37,1.12
2015.04.16 15:06:00.126,0.93429,0.93478,1.50,1.12
2015.04.16 15:06:00.580,0.93429,0.93477,1.75,1.00
2015.04.16 15:06:00.883,0.93433,0.93482,1.75,1.12
2015.04.16 15:06:01.118,0.93433,0.93483,1.37,1.12
2015.04.16 15:06:01.183,0.93433,0.93483,1.75,1.37
2015.04.16 15:06:01.283,0.93433,0.93483,1.37,1.00
2015.04.16 15:06:01.384,0.93433,0.93482,1.75,1.00
2015.04.16 15:06:01.914,0.93441,0.93487,1.00,1.00
2015.04.16 15:06:02.215,0.93441,0.93487,1.75,1.12
2015.04.16 15:06:02.437,0.93441,0.93488,1.37,1.00
2015.04.16 15:06:02.488,0.93441,0.93488,1.75,1.00
2015.04.16 15:06:02.809,0.93441,0.93488,1.75,1.12
2015.04.16 15:06:02.859,0.9344,0.93472,1.12,1.00
2015.04.16 15:06:03.010,0.93438,0.93472,1.12,1.00
2015.04.16 15:06:03.061,0.93432,0.93478,1.75,1.00
2015.04.16 15:06:03.379,0.93429,0.93452,1.75,1.00
2015.04.16 15:06:03.430,0.93426,0.93452,1.37,1.00
2015.04.16 15:06:03.647,0.93426,0.93467,1.37,1.12
2015.04.16 15:06:03.868,0.93426,0.93462,1.37,1.00
2015.04.16 15:06:04.416,0.93424,0.93463,1.37,1.00
2015.04.16 15:06:04.945,0.93424,0.93463,1.37,1.00
2015.04.16 15:06:05.106,0.93424,0.93463,1.00,1.37
2015.04.16 15:06:05.157,0.9342,0.93462,1.37,1.12
2015.04.16 15:06:05.577,0.93417,0.93457,1.75,1.00
2015.04.16 15:06:07.105,0.93417,0.93457,1.75,1.00
2015.04.16 15:06:07.216,0.93417,0.93457,1.75,1.00
2015.04.16 15:06:08.377,0.93417,0.93457,1.37,1.00
2015.04.16 15:06:08.428,0.93417,0.93457,1.75,1.00
2015.04.16 15:06:08.817,0.93417,0.93457,1.75,1.00
2015.04.16 15:06:08.868,0.93417,0.93457,1.75,1.00
2015.04.16 15:06:09.146,0.9342,0.93458,1.00,1.00
2015.04.16 15:06:09.757,0.9342,0.93462,1.00,1.00
2015.04.16 15:06:10.100,0.9342,0.93457,1.00,1.00
2015.04.16 15:06:10.357,0.9342,0.93462,1.12,1.00
2015.04.16 15:06:10.638,0.93414,0.93447,1.75,1.00
2015.04.16 15:06:10.858,0.93418,0.93452,1.37,1.00
2015.04.16 15:06:11.377,0.93418,0.93452,1.87,1.00
2015.04.16 15:06:12.065,0.93419,0.93447,1.37,1.00
2015.04.16 15:06:14.358,0.93419,0.93452,1.50,1.00
2015.04.16 15:06:14.468,0.93419,0.93457,1.50,1.00
2015.04.16 15:06:14.960,0.93419,0.93453,1.37,1.00
2015.04.16 15:06:15.473,0.93419,0.93452,1.37,1.00
2015.04.16 15:06:15.807,0.93419,0.93458,1.37,1.00
2015.04.16 15:06:16.187,0.93422,0.93458,1.37,1.00
2015.04.16 15:06:16.246,0.93422,0.93458,1.12,1.00
2015.04.16 15:06:17.568,0.93418,0.93452,1.37,1.00
2015.04.16 15:06:18.376,0.93423,0.93457,1.00,1.00
2015.04.16 15:06:18.555,0.93418,0.93452,1.37,1.00
2015.04.16 15:06:19.877,0.93417,0.93458,1.50,1.00
2015.04.16 15:06:20.502,0.93418,0.93452,1.37,1.00
2015.04.16 15:06:20.959,0.93418,0.93452,1.37,1.00
2015.04.16 15:06:21.110,0.93418,0.93462,1.37,1.50
2015.04.16 15:06:21.161,0.93419,0.93462,1.12,1.00
2015.04.16 15:06:21.261,0.93418,0.93462,1.87,1.00
2015.04.16 15:06:21.362,0.93416,0.93462,1.50,1.00
2015.04.16 15:06:21.895,0.93416,0.93468,1.50,1.00
2015.04.16 15:06:22.076,0.93416,0.93462,1.50,1.00
2015.04.16 15:06:22.396,0.93416,0.93467,1.12,1.75
2015.04.16 15:06:22.446,0.93412,0.93467,1.50,1.75
2015.04.16 15:06:22.675,0.93412,0.93457,1.50,1.00
2015.04.16 15:06:23.007,0.93412,0.93457,1.37,1.37
2015.04.16 15:06:23.168,0.93412,0.93457,1.75,1.37
2015.04.16 15:06:24.092,0.93411,0.93452,1.12,1.00
2015.04.16 15:06:24.142,0.93408,0.93452,1.12,1.00
2015.04.16 15:06:25.206,0.93411,0.93452,1.87,1.00
2015.04.16 15:06:25.595,0.93417,0.93453,1.37,1.00
2015.04.16 15:06:25.816,0.93416,0.93457,2.25,1.00
2015.04.16 15:06:25.885,0.93418,0.93457,1.00,1.00
2015.04.16 15:06:26.088,0.93416,0.93457,1.87,1.00
2015.04.16 15:06:26.419,0.93416,0.93453,1.87,1.00
2015.04.16 15:06:27.126,0.93416,0.93453,1.12,1.00
2015.04.16 15:06:27.507,0.93409,0.93452,2.25,1.00
2015.04.16 15:06:27.795,0.93409,0.93457,2.25,1.12
2015.04.16 15:06:27.896,0.93409,0.93457,1.37,1.12
2015.04.16 15:06:27.946,0.93408,0.93457,1.75,1.75
2015.04.16 15:06:28.286,0.93403,0.93437,1.00,1.00
2015.04.16 15:06:28.387,0.93402,0.93446,1.12,1.12
2015.04.16 15:06:29.964,0.93403,0.93447,1.00,1.37
2015.04.16 15:06:30.014,0.93404,0.93447,1.37,1.00
2015.04.16 15:06:30.329,0.9341,0.93457,1.50,1.75
2015.04.16 15:06:30.380,0.9341,0.93457,1.87,1.00
2015.04.16 15:06:31.378,0.93413,0.93457,1.37,1.37
2015.04.16 15:06:31.812,0.93413,0.93456,1.37,1.12
2015.04.16 15:06:32.075,0.93412,0.93453,1.12,1.00
2015.04.16 15:06:32.126,0.93412,0.93448,1.12,1.00
2015.04.16 15:06:32.377,0.93413,0.93454,1.37,1.37
2015.04.16 15:06:32.907,0.93413,0.93457,1.37,1.12
2015.04.16 15:06:33.288,0.93413,0.93457,1.75,1.00
2015.04.16 15:06:33.590,0.93423,0.93457,1.50,1.00
2015.04.16 15:06:33.641,0.93423,0.93467,2.25,1.37
2015.04.16 15:06:34.006,0.93427,0.93471,1.37,1.12
2015.04.16 15:06:34.359,0.93423,0.93468,1.50,1.00
2015.04.16 15:06:34.460,0.93423,0.93468,1.50,1.37
2015.04.16 15:06:35.364,0.93423,0.93468,1.50,1.00
2015.04.16 15:06:35.488,0.93423,0.93468,1.37,1.12
2015.04.16 15:06:35.588,0.93422,0.93468,1.00,1.00
2015.04.16 15:06:35.747,0.93417,0.93463,1.12,1.00
2015.04.16 15:06:36.282,0.93417,0.93462,1.12,1.00
2015.04.16 15:06:36.332,0.93412,0.93462,1.37,1.00
2015.04.16 15:06:36.383,0.93412,0.93457,1.37,1.00
2015.04.16 15:06:36.599,0.93413,0.93462,1.37,1.00
2015.04.16 15:06:36.816,0.93412,0.93469,1.87,1.00
2015.04.16 15:06:36.922,0.93416,0.93473,1.00,1.50
2015.04.16 15:06:37.136,0.93423,0.93473,1.00,1.00
2015.04.16 15:06:37.476,0.93423,0.93468,1.00,1.00
2015.04.16 15:06:38.019,0.93423,0.93467,1.00,1.00
2015.04.16 15:06:38.393,0.93423,0.93467,1.75,1.00
2015.04.16 15:06:38.575,0.93423,0.93473,1.75,1.00
2015.04.16 15:06:39.679,0.93429,0.93473,1.75,1.00
2015.04.16 15:06:39.788,0.93429,0.93477,1.75,1.00
2015.04.16 15:06:39.897,0.93425,0.93477,1.75,1.00
2015.04.16 15:06:40.000,0.93425,0.93477,1.75,1.37
2015.04.16 15:06:40.101,0.93425,0.93478,1.37,1.37
2015.04.16 15:06:40.152,0.93425,0.93468,1.37,1.00
2015.04.16 15:06:40.337,0.93425,0.93473,1.37,1.00
2015.04.16 15:06:40.655,0.93422,0.93473,1.87,1.37
2015.04.16 15:06:41.106,0.93423,0.93467,1.12,1.00
2015.04.16 15:06:41.845,0.93423,0.93467,1.12,1.00
2015.04.16 15:06:41.909,0.93423,0.93467,1.12,1.00
2015.04.16 15:06:42.148,0.93423,0.93467,1.75,1.00
2015.04.16 15:06:42.645,0.93424,0.93477,1.12,1.75
2015.04.16 15:06:42.855,0.93423,0.93477,1.87,1.75
2015.04.16 15:06:43.013,0.93424,0.93467,1.37,1.00
2015.04.16 15:06:43.514,0.93424,0.93467,1.12,1.00
2015.04.16 15:06:43.816,0.93432,0.93468,1.75,1.00
2015.04.16 15:06:43.866,0.93432,0.93472,1.75,1.00
2015.04.16 15:06:45.423,0.93432,0.93481,1.75,1.37
2015.04.16 15:06:45.473,0.93433,0.93468,1.12,1.00
2015.04.16 15:06:47.375,0.93427,0.93467,1.12,1.00
2015.04.16 15:06:47.930,0.93427,0.93468,1.12,1.00
2015.04.16 15:06:48.584,0.93428,0.93472,1.75,1.00
2015.04.16 15:06:49.847,0.93429,0.93472,1.12,1.00
2015.04.16 15:06:50.149,0.93429,0.93472,1.12,1.00
2015.04.16 15:06:50.384,0.93431,0.93472,1.75,1.00
2015.04.16 15:06:51.153,0.93431,0.93472,1.75,1.00
2015.04.16 15:06:51.666,0.93431,0.93472,1.75,1.00
2015.04.16 15:06:52.205,0.93431,0.93472,1.75,1.00
2015.04.16 15:06:52.861,0.93436,0.93478,1.75,1.00
2015.04.16 15:06:52.912,0.93437,0.93483,1.75,1.00
2015.04.16 15:06:53.168,0.93437,0.93483,1.50,1.00
2015.04.16 15:06:54.907,0.93436,0.93483,1.87,1.12
2015.04.16 15:06:56.301,0.93436,0.93482,1.87,1.00
2015.04.16 15:06:56.353,0.93436,0.93481,1.37,1.12
2015.04.16 15:06:56.672,0.93433,0.93467,1.75,1.00
2015.04.16 15:06:56.988,0.93433,0.93467,1.87,1.00
2015.04.16 15:06:57.289,0.93434,0.93462,1.37,1.00
2015.04.16 15:06:57.390,0.93435,0.93477,1.12,1.00
2015.04.16 15:06:57.642,0.93435,0.93482,1.37,1.37
2015.04.16 15:06:57.825,0.93435,0.93472,1.37,1.00
2015.04.16 15:06:59.098,0.93435,0.93472,1.12,1.00
2015.04.16 15:06:59.407,0.93435,0.93478,1.12,1.00
2015.04.16 15:06:59.636,0.93435,0.93478,1.12,1.00
2015.04.16 15:07:00.373,0.93435,0.93477,1.12,1.00
2015.04.16 15:07:02.068,0.93422,0.93458,1.87,1.00
2015.04.16 15:07:02.384,0.93425,0.93467,1.37,1.00
2015.04.16 15:07:02.485,0.93427,0.93467,1.12,1.00
2015.04.16 15:07:02.666,0.93426,0.93468,1.12,1.00
2015.04.16 15:07:03.621,0.93428,0.93472,1.75,1.00
2015.04.16 15:07:03.926,0.93434,0.93472,1.37,1.00
2015.04.16 15:07:04.094,0.93434,0.93477,1.37,1.37
2015.04.16 15:07:04.195,0.93434,0.93477,1.75,1.00
2015.04.16 15:07:04.742,0.93434,0.93477,1.50,1.12
2015.04.16 15:07:05.080,0.93428,0.93472,1.75,1.12
2015.04.16 15:07:05.231,0.93433,0.93473,1.12,1.00
2015.04.16 15:07:05.382,0.93433,0.93472,1.50,1.00
2015.04.16 15:07:05.925,0.93434,0.93472,1.37,1.00
2015.04.16 15:07:07.090,0.93434,0.93472,1.12,1.00
2015.04.16 15:07:07.394,0.93434,0.93472,1.37,1.00
2015.04.16 15:07:07.656,0.93435,0.93477,1.12,1.00
2015.04.16 15:07:08.106,0.93433,0.93477,1.50,1.00
2015.04.16 15:07:08.608,0.93433,0.93478,1.50,1.00
2015.04.16 15:07:08.744,0.93433,0.93478,1.00,1.00
2015.04.16 15:07:09.046,0.93433,0.93482,1.00,1.00
2015.04.16 15:07:09.529,0.93433,0.93478,1.75,1.00
2015.04.16 15:07:10.035,0.93437,0.93483,1.50,1.37
2015.04.16 15:07:10.135,0.93437,0.93483,1.50,1.37
2015.04.16 15:07:10.364,0.93437,0.93477,1.50,1.00
2015.04.16 15:07:11.134,0.93437,0.93483,1.50,1.37
2015.04.16 15:07:12.805,0.93437,0.93478,1.50,1.00
2015.04.16 15:07:13.147,0.93437,0.93478,1.75,1.00
2015.04.16 15:07:13.557,0.93437,0.93477,1.75,1.00
2015.04.16 15:07:14.038,0.93441,0.93477,1.75,1.00
2015.04.16 15:07:14.155,0.93441,0.93477,1.37,1.00
2015.04.16 15:07:14.256,0.93436,0.93482,1.75,1.37
2015.04.16 15:07:14.357,0.93432,0.93482,1.75,1.37
2015.04.16 15:07:14.655,0.93432,0.93472,1.75,1.00
2015.04.16 15:07:15.041,0.93432,0.93472,1.75,1.00
2015.04.16 15:07:15.344,0.93432,0.93477,1.75,1.75
2015.04.16 15:07:15.445,0.93432,0.93475,1.50,1.37
2015.04.16 15:07:15.546,0.93432,0.93477,1.75,1.75
2015.04.16 15:07:15.865,0.93433,0.93472,1.75,1.00
2015.04.16 15:07:17.153,0.93433,0.93472,1.75,1.00
2015.04.16 15:07:18.823,0.9343,0.93468,1.12,1.00
2015.04.16 15:07:18.874,0.9343,0.93473,1.12,1.00
2015.04.16 15:07:19.893,0.93436,0.93467,1.75,1.00
2015.04.16 15:07:20.672,0.93437,0.93468,1.12,1.00
2015.04.16 15:07:21.174,0.93436,0.93468,1.12,1.00
2015.04.16 15:07:21.275,0.93436,0.93473,1.12,1.00
2015.04.16 15:07:21.416,0.93434,0.93473,1.12,1.00
2015.04.16 15:07:21.677,0.93435,0.93472,1.12,1.00
2015.04.16 15:07:23.084,0.93435,0.93472,1.12,1.00
2015.04.16 15:07:23.387,0.93435,0.93472,1.87,1.00
2015.04.16 15:07:23.605,0.93438,0.93477,1.12,1.00
2015.04.16 15:07:24.586,0.93438,0.93477,1.12,1.00
2015.04.16 15:07:24.786,0.93438,0.93477,1.12,1.00
2015.04.16 15:07:25.785,0.93443,0.93482,1.37,1.00
2015.04.16 15:07:26.418,0.93441,0.93482,1.12,1.37
2015.04.16 15:07:26.619,0.93441,0.93483,1.12,1.00
2015.04.16 15:07:26.670,0.93443,0.93477,1.50,1.00
2015.04.16 15:07:26.921,0.93439,0.93482,1.75,1.00
2015.04.16 15:07:27.535,0.93439,0.93483,1.75,1.00
2015.04.16 15:07:27.636,0.93442,0.93483,1.12,1.12
2015.04.16 15:07:28.746,0.93444,0.93482,1.12,1.00
2015.04.16 15:07:29.307,0.93447,0.93482,1.00,1.00
2015.04.16 15:07:30.217,0.93444,0.93482,1.12,1.37
2015.04.16 15:07:30.318,0.93439,0.93482,1.12,1.37
2015.04.16 15:07:30.606,0.9344,0.93482,1.00,1.37
2015.04.16 15:07:31.116,0.9344,0.93483,1.00,1.75
2015.04.16 15:07:31.514,0.93432,0.93472,1.12,1.00
2015.04.16 15:07:32.328,0.93432,0.93472,1.12,1.00
2015.04.16 15:07:32.608,0.93432,0.93478,1.12,1.37
2015.04.16 15:07:32.826,0.93432,0.93472,1.12,1.00
2015.04.16 15:07:35.024,0.93431,0.93477,1.12,1.37
2015.04.16 15:07:35.935,0.93431,0.93477,1.12,1.12
2015.04.16 15:07:36.331,0.93431,0.93477,1.12,1.00
2015.04.16 15:07:36.667,0.93437,0.93482,1.12,1.37
2015.04.16 15:07:36.837,0.93436,0.93482,1.75,1.50
2015.04.16 15:07:37.386,0.93436,0.93478,1.12,1.37
2015.04.16 15:07:38.002,0.93428,0.93473,1.75,1.00
2015.04.16 15:07:39.053,0.93427,0.93473,1.12,1.00
2015.04.16 15:07:39.204,0.93427,0.93472,1.12,1.00
2015.04.16 15:07:39.318,0.93428,0.93477,1.75,1.37
2015.04.16 15:07:40.584,0.93429,0.93477,1.12,1.37
2015.04.16 15:07:41.374,0.93429,0.93477,1.87,1.00
2015.04.16 15:07:41.928,0.93431,0.93478,1.75,1.12
2015.04.16 15:07:42.888,0.93437,0.93478,1.12,1.37
2015.04.16 15:07:43.380,0.93436,0.93478,1.12,1.37
2015.04.16 15:07:45.243,0.9343,0.93478,1.12,1.37
2015.04.16 15:07:45.294,0.93423,0.93462,1.12,1.00
2015.04.16 15:07:45.826,0.93423,0.93467,1.87,1.00
2015.04.16 15:07:46.155,0.93423,0.93472,1.87,1.12
2015.04.16 15:07:46.655,0.93418,0.93473,1.50,1.87
2015.04.16 15:07:47.126,0.93418,0.93468,1.50,1.00
2015.04.16 15:07:47.934,0.9342,0.93468,1.12,1.00
2015.04.16 15:07:48.321,0.93422,0.93468,1.75,1.00
2015.04.16 15:07:48.819,0.93422,0.93468,1.75,1.00
2015.04.16 15:07:49.038,0.93423,0.93467,1.75,1.00
2015.04.16 15:07:49.238,0.93423,0.93472,1.75,1.37
2015.04.16 15:07:49.339,0.93422,0.93462,1.75,1.00
2015.04.16 15:07:51.634,0.93422,0.93462,1.37,1.00
2015.04.16 15:07:52.119,0.93422,0.93462,1.50,1.00
2015.04.16 15:07:53.064,0.93422,0.93468,1.50,1.37
2015.04.16 15:07:53.442,0.93422,0.93468,1.75,1.37
2015.04.16 15:07:53.755,0.93423,0.93468,1.75,1.00
2015.04.16 15:07:53.837,0.93427,0.93473,1.75,1.37
2015.04.16 15:07:54.149,0.93428,0.93472,1.75,1.00
2015.04.16 15:07:54.654,0.93423,0.93472,2.25,1.00
2015.04.16 15:07:54.978,0.93431,0.93473,1.12,1.00
2015.04.16 15:07:55.043,0.93431,0.93478,1.12,1.37
2015.04.16 15:07:55.185,0.93431,0.93478,1.75,1.37
2015.04.16 15:07:55.394,0.93432,0.93477,1.12,1.37
2015.04.16 15:07:55.695,0.93432,0.93477,1.12,1.37
2015.04.16 15:07:56.039,0.93432,0.93472,1.12,1.00
2015.04.16 15:07:56.544,0.93433,0.93472,1.37,1.00
2015.04.16 15:07:57.069,0.93433,0.93472,1.12,1.00
2015.04.16 15:07:57.412,0.93432,0.93472,1.87,1.00
2015.04.16 15:07:57.573,0.93432,0.93478,2.62,1.37
2015.04.16 15:07:58.175,0.93432,0.93478,2.62,1.37
2015.04.16 15:07:58.617,0.93432,0.93478,2.62,1.12
2015.04.16 15:07:59.132,0.93433,0.93477,1.75,1.12
2015.04.16 15:08:01.091,0.93433,0.93477,1.75,1.00
2015.04.16 15:08:03.102,0.93433,0.93477,1.75,1.00
2015.04.16 15:08:05.615,0.93434,0.93477,1.12,1.00
2015.04.16 15:08:07.829,0.93433,0.93477,1.75,1.00
2015.04.16 15:08:10.237,0.93433,0.93477,1.75,1.00
2015.04.16 15:08:12.314,0.93432,0.93478,1.75,1.12
2015.04.16 15:08:13.184,0.93432,0.93478,1.75,1.12
2015.04.16 15:08:13.753,0.93438,0.93477,1.12,1.00
2015.04.16 15:08:15.658,0.93433,0.93477,1.75,1.37
2015.04.16 15:08:16.084,0.93431,0.93473,1.75,1.00
2015.04.16 15:08:16.160,0.93431,0.93473,1.75,1.00
2015.04.16 15:08:19.167,0.93431,0.93473,1.37,1.37
2015.04.16 15:08:19.268,0.93428,0.93473,1.12,1.37
2015.04.16 15:08:19.404,0.93428,0.93472,1.12,1.37
2015.04.16 15:08:19.468,0.93427,0.93472,1.12,1.37
2015.04.16 15:08:19.926,0.9342,0.93468,1.12,1.00
2015.04.16 15:08:20.315,0.93419,0.93467,2.25,1.37
2015.04.16 15:08:20.365,0.93419,0.93462,2.25,1.00
2015.04.16 15:08:20.416,0.93419,0.93462,1.12,1.37
2015.04.16 15:08:20.783,0.93412,0.93458,1.87,1.00
2015.04.16 15:08:21.189,0.93414,0.93458,1.75,1.00
2015.04.16 15:08:21.415,0.93414,0.93457,1.75,1.00
2015.04.16 15:08:22.076,0.93414,0.93457,1.75,1.00
2015.04.16 15:08:22.405,0.93419,0.93458,1.12,1.00
2015.04.16 15:08:23.992,0.93419,0.93463,1.75,1.12
2015.04.16 15:08:24.093,0.93419,0.93458,1.75,1.00
2015.04.16 15:08:26.028,0.93418,0.93458,1.12,1.00
2015.04.16 15:08:30.793,0.93417,0.93463,1.75,1.37
2015.04.16 15:08:31.994,0.93418,0.93467,1.75,1.50
2015.04.16 15:08:32.549,0.93419,0.93462,1.75,1.00
2015.04.16 15:08:32.883,0.93419,0.93467,1.75,1.37
2015.04.16 15:08:32.933,0.93419,0.93467,1.75,1.37
2015.04.16 15:08:34.808,0.93419,0.93468,1.87,1.50
2015.04.16 15:08:35.703,0.93419,0.93468,1.87,1.37
2015.04.16 15:08:35.925,0.93419,0.93468,1.87,1.75
2015.04.16 15:08:36.328,0.93417,0.93463,1.50,1.12
2015.04.16 15:08:36.429,0.93415,0.9346,1.75,1.37
2015.04.16 15:08:36.630,0.93409,0.93462,1.12,1.37
2015.04.16 15:08:36.844,0.93418,0.93467,1.00,1.75
2015.04.16 15:08:37.530,0.93418,0.93462,1.37,1.75
2015.04.16 15:08:37.833,0.93413,0.93461,1.50,1.12
2015.04.16 15:08:40.502,0.93413,0.93457,1.00,1.50
2015.04.16 15:08:40.804,0.93413,0.93447,1.00,1.00
2015.04.16 15:08:41.327,0.93408,0.93452,1.12,1.37
2015.04.16 15:08:41.823,0.93405,0.93447,1.12,1.12
2015.04.16 15:08:41.936,0.93402,0.93447,1.37,1.12
2015.04.16 15:08:42.756,0.93398,0.93452,1.75,1.87
2015.04.16 15:08:43.126,0.93398,0.93452,1.75,1.87
2015.04.16 15:08:43.375,0.93404,0.93452,1.37,1.00
2015.04.16 15:08:43.428,0.93404,0.93452,1.12,1.00
2015.04.16 15:08:43.933,0.93407,0.93452,1.75,1.00
2015.04.16 15:08:45.776,0.93407,0.93452,1.75,1.00
2015.04.16 15:08:45.877,0.93407,0.93452,1.37,1.12
2015.04.16 15:08:46.944,0.93404,0.93452,1.50,1.37
2015.04.16 15:08:47.388,0.93404,0.93452,1.37,1.37
2015.04.16 15:08:47.490,0.93398,0.93447,1.50,1.37
2015.04.16 15:08:47.746,0.93398,0.93447,1.50,1.37
2015.04.16 15:08:48.663,0.93398,0.93452,1.75,2.25
2015.04.16 15:08:49.551,0.93398,0.93452,1.75,1.87
2015.04.16 15:08:49.854,0.93408,0.93457,1.75,1.50
2015.04.16 15:08:51.391,0.93409,0.93457,1.12,1.37
2015.04.16 15:08:51.759,0.93413,0.93461,1.37,1.37
2015.04.16 15:08:52.964,0.93414,0.93462,1.37,1.50
2015.04.16 15:08:53.325,0.93413,0.93457,1.75,1.00
2015.04.16 15:08:53.563,0.93413,0.93463,1.75,1.87
2015.04.16 15:08:57.033,0.9342,0.93463,1.12,1.12
2015.04.16 15:08:57.387,0.93421,0.93468,1.12,1.37
2015.04.16 15:08:58.216,0.93421,0.93468,1.12,1.12
2015.04.16 15:08:58.823,0.93421,0.93468,1.12,1.00
2015.04.16 15:09:03.608,0.93421,0.93468,1.12,1.37
2015.04.16 15:09:05.020,0.93419,0.93467,1.75,1.37
2015.04.16 15:09:05.332,0.93419,0.93462,1.75,1.00
2015.04.16 15:09:05.728,0.93416,0.93462,1.12,1.00
2015.04.16 15:09:05.854,0.93415,0.93462,1.12,1.37
2015.04.16 15:09:06.295,0.93413,0.93462,1.75,1.00
2015.04.16 15:09:06.444,0.93413,0.93467,1.75,1.50
2015.04.16 15:09:06.595,0.93413,0.93467,1.12,1.50
2015.04.16 15:09:06.696,0.93413,0.93457,1.12,1.00
2015.04.16 15:09:08.008,0.93413,0.93457,1.87,1.00
2015.04.16 15:09:09.450,0.93413,0.93457,1.87,1.00
2015.04.16 15:09:10.067,0.93412,0.93452,1.12,1.00
2015.04.16 15:09:10.409,0.93412,0.93452,1.12,1.00
2015.04.16 15:09:10.833,0.93412,0.93458,1.87,1.00
2015.04.16 15:09:11.465,0.93412,0.93458,1.87,1.00
2015.04.16 15:09:11.694,0.93412,0.93457,1.12,1.00
2015.04.16 15:09:11.883,0.9341,0.93452,1.75,1.00
2015.04.16 15:09:13.820,0.93418,0.93457,1.12,1.00
2015.04.16 15:09:15.208,0.93418,0.93458,1.12,1.00
2015.04.16 15:09:15.595,0.93421,0.93458,1.37,1.00
2015.04.16 15:09:15.825,0.93421,0.93462,1.37,1.00
2015.04.16 15:09:15.928,0.93421,0.93462,1.12,1.00
2015.04.16 15:09:16.079,0.93425,0.93468,1.12,1.12
2015.04.16 15:09:16.562,0.93434,0.93467,1.12,1.00
2015.04.16 15:09:16.852,0.93436,0.93476,1.37,1.12
2015.04.16 15:09:16.953,0.93436,0.93477,1.12,1.87
2015.04.16 15:09:17.054,0.93432,0.93477,1.12,2.62
2015.04.16 15:09:17.106,0.93433,0.93476,1.12,1.37
2015.04.16 15:09:17.358,0.93428,0.93477,1.75,2.25
2015.04.16 15:09:17.636,0.93424,0.93477,1.12,1.50
2015.04.16 15:09:17.836,0.93424,0.93467,1.12,1.00
2015.04.16 15:09:18.378,0.93424,0.93472,1.12,1.75
2015.04.16 15:09:18.662,0.93424,0.93468,1.12,1.12
2015.04.16 15:09:19.117,0.93424,0.93473,1.12,1.50
2015.04.16 15:09:19.719,0.93424,0.93467,1.12,1.00
2015.04.16 15:09:20.224,0.93424,0.93468,1.12,1.00
2015.04.16 15:09:20.623,0.93422,0.93468,1.75,1.37
2015.04.16 15:09:21.357,0.93422,0.93468,1.75,1.00
2015.04.16 15:09:21.645,0.93422,0.93473,1.75,1.37
2015.04.16 15:09:21.746,0.93422,0.93473,1.75,1.00
2015.04.16 15:09:22.097,0.93431,0.93478,1.12,1.37
2015.04.16 15:09:22.633,0.93431,0.93478,1.12,1.37
2015.04.16 15:09:23.101,0.93433,0.93482,1.75,1.37
2015.04.16 15:09:24.608,0.93433,0.93482,1.75,1.75
2015.04.16 15:09:24.659,0.93433,0.93482,1.87,1.37
2015.04.16 15:09:24.894,0.93437,0.93486,1.75,1.87
2015.04.16 15:09:25.053,0.93437,0.93486,1.37,1.87
2015.04.16 15:09:25.556,0.93433,0.93482,1.50,1.50
2015.04.16 15:09:25.664,0.93433,0.93486,1.87,1.87
2015.04.16 15:09:25.981,0.93431,0.93473,1.12,1.00
2015.04.16 15:09:26.194,0.93431,0.93481,1.12,1.12
2015.04.16 15:09:26.365,0.9343,0.93482,1.50,1.75
2015.04.16 15:09:27.296,0.93431,0.93477,1.12,1.37
2015.04.16 15:09:27.634,0.93432,0.93478,1.75,1.37
2015.04.16 15:09:27.685,0.93432,0.93478,1.75,1.00
2015.04.16 15:09:27.735,0.93431,0.93472,1.75,1.00
2015.04.16 15:09:27.836,0.93431,0.93477,1.75,1.00
2015.04.16 15:09:27.886,0.93431,0.93477,1.75,1.00
2015.04.16 15:09:28.193,0.93431,0.93478,1.75,1.00
2015.04.16 15:09:30.552,0.93431,0.93477,1.87,1.00
2015.04.16 15:09:30.823,0.93431,0.93482,1.87,1.12
2015.04.16 15:09:30.898,0.93431,0.93482,1.87,1.37
2015.04.16 15:09:31.473,0.93431,0.93472,1.87,1.00
2015.04.16 15:09:31.922,0.93431,0.93478,1.87,1.37
2015.04.16 15:09:32.142,0.93431,0.93472,1.12,1.00
2015.04.16 15:09:32.466,0.93431,0.93473,1.12,1.00
2015.04.16 15:09:32.543,0.93432,0.93478,1.75,1.12
2015.04.16 15:09:33.172,0.93432,0.93478,1.75,1.00
2015.04.16 15:09:33.343,0.9343,0.93473,1.12,1.00
2015.04.16 15:09:33.609,0.9343,0.93473,1.12,1.00
2015.04.16 15:09:33.742,0.9343,0.93477,1.12,1.00
2015.04.16 15:09:33.902,0.93433,0.93482,1.75,1.87
2015.04.16 15:09:33.952,0.93433,0.93482,1.75,1.87
2015.04.16 15:09:34.852,0.93433,0.93477,1.75,1.00
2015.04.16 15:09:36.350,0.93433,0.93477,1.75,1.00
2015.04.16 15:09:36.552,0.93431,0.93477,1.87,1.00
2015.04.16 15:09:36.874,0.93439,0.93485,1.75,1.00
2015.04.16 15:09:37.092,0.93438,0.93487,1.00,1.50
2015.04.16 15:09:37.637,0.93438,0.93482,1.87,1.00
2015.04.16 15:09:37.987,0.93442,0.93482,1.00,1.00
2015.04.16 15:09:38.359,0.93442,0.93482,1.75,1.00
2015.04.16 15:09:38.632,0.93443,0.93487,1.75,1.00
2015.04.16 15:09:39.265,0.93443,0.93487,1.37,1.00
2015.04.16 15:09:39.363,0.93442,0.93492,1.37,1.37
2015.04.16 15:09:39.413,0.93442,0.93492,1.50,1.50
2015.04.16 15:09:39.570,0.93439,0.93492,1.12,1.75
2015.04.16 15:09:39.672,0.9344,0.93487,1.12,1.12
2015.04.16 15:09:39.994,0.9344,0.93483,1.12,1.00
2015.04.16 15:09:40.173,0.93442,0.93488,1.75,1.00
2015.04.16 15:09:40.354,0.9344,0.93483,1.12,1.00
2015.04.16 15:09:41.248,0.93448,0.93483,1.00,1.00
2015.04.16 15:09:41.349,0.93448,0.93487,1.00,1.00
2015.04.16 15:09:41.583,0.93446,0.93487,1.12,1.00
2015.04.16 15:09:42.113,0.93446,0.93488,1.75,1.00
2015.04.16 15:09:42.883,0.93446,0.93488,1.12,1.12
2015.04.16 15:09:42.992,0.93446,0.93488,1.12,1.00
2015.04.16 15:09:43.093,0.93445,0.93488,1.12,1.37
2015.04.16 15:09:43.193,0.9344,0.93483,1.12,1.00
2015.04.16 15:09:43.244,0.93442,0.93483,1.37,1.00
2015.04.16 15:09:43.817,0.93442,0.93482,1.37,1.00
2015.04.16 15:09:44.354,0.93441,0.93487,1.12,1.37
2015.04.16 15:09:44.642,0.93441,0.93483,1.12,1.00
2015.04.16 15:09:44.902,0.93442,0.93487,1.37,1.00
2015.04.16 15:09:45.232,0.93446,0.93487,1.12,1.00
2015.04.16 15:09:45.333,0.93445,0.93487,1.12,1.00
2015.04.16 15:09:47.002,0.93437,0.93478,1.12,1.00
2015.04.16 15:09:47.102,0.93437,0.93483,1.12,1.37
2015.04.16 15:09:47.413,0.93438,0.93483,1.12,1.00
2015.04.16 15:09:48.587,0.9344,0.93482,1.75,1.00
2015.04.16 15:09:49.042,0.9344,0.93487,1.75,1.00
2015.04.16 15:09:49.123,0.93442,0.93487,1.37,1.00
2015.04.16 15:09:49.374,0.93443,0.93493,1.75,1.37
2015.04.16 15:09:49.425,0.93443,0.93493,1.37,1.37
2015.04.16 15:09:49.744,0.9344,0.93488,1.12,1.37
2015.04.16 15:09:50.175,0.9344,0.93482,1.12,1.00
2015.04.16 15:09:50.654,0.93434,0.93483,1.75,1.00
2015.04.16 15:09:50.931,0.93434,0.93482,1.50,1.00
2015.04.16 15:09:53.881,0.93433,0.93485,1.12,1.37
2015.04.16 15:09:54.692,0.93433,0.93485,1.12,1.37
2015.04.16 15:09:57.751,0.93434,0.93485,1.37,1.37
2015.04.16 15:09:57.801,0.93433,0.93485,1.12,1.75
2015.04.16 15:09:58.274,0.93432,0.93482,1.12,1.75
2015.04.16 15:10:00.474,0.93432,0.93477,1.37,1.37
2015.04.16 15:10:03.510,0.93431,0.93477,2.25,1.50
2015.04.16 15:10:03.560,0.93428,0.93474,1.37,1.12
2015.04.16 15:10:03.986,0.93425,0.93472,1.12,1.37
2015.04.16 15:10:04.587,0.93426,0.93472,1.00,1.37
2015.04.16 15:10:05.422,0.9342,0.93472,1.50,1.37
2015.04.16 15:10:05.591,0.9342,0.93472,1.50,1.75
2015.04.16 15:10:05.893,0.9342,0.93467,1.87,1.37
2015.04.16 15:10:05.994,0.9342,0.93467,1.87,1.12
2015.04.16 15:10:06.133,0.93421,0.93467,1.37,1.00
2015.04.16 15:10:06.184,0.93422,0.93473,1.37,1.37
2015.04.16 15:10:06.285,0.93422,0.93473,1.00,1.00
2015.04.16 15:10:06.875,0.93423,0.93472,1.00,1.00
2015.04.16 15:10:06.944,0.93423,0.93472,1.75,1.00
2015.04.16 15:10:07.397,0.93427,0.93472,1.12,1.00
2015.04.16 15:10:07.944,0.93427,0.93473,1.12,1.00
2015.04.16 15:10:08.272,0.9343,0.93472,1.75,1.00
2015.04.16 15:10:08.372,0.93432,0.93478,1.75,1.12
2015.04.16 15:10:08.891,0.93434,0.93477,1.75,1.00
2015.04.16 15:10:09.449,0.93434,0.93478,1.75,1.12
2015.04.16 15:10:09.992,0.93434,0.93477,1.75,1.00
2015.04.16 15:10:10.413,0.93434,0.93477,1.75,1.00
2015.04.16 15:10:11.635,0.93437,0.93477,1.75,1.00
2015.04.16 15:10:11.852,0.93437,0.93477,1.75,1.00
2015.04.16 15:10:12.173,0.93437,0.93477,1.75,1.00
2015.04.16 15:10:12.762,0.93437,0.93478,1.75,1.00
2015.04.16 15:10:13.291,0.93437,0.93477,1.75,1.00
2015.04.16 15:10:14.485,0.93437,0.93477,1.75,1.00
2015.04.16 15:10:15.321,0.93434,0.93472,1.75,1.00
2015.04.16 15:10:15.426,0.93434,0.93477,1.75,1.00
2015.04.16 15:10:15.477,0.93434,0.93477,1.75,1.00
2015.04.16 15:10:15.779,0.93434,0.93478,1.75,1.00
2015.04.16 15:10:16.287,0.93434,0.93477,1.75,1.00
2015.04.16 15:10:17.031,0.93434,0.93478,1.75,1.00
2015.04.16 15:10:17.584,0.93434,0.93478,1.75,1.00
2015.04.16 15:10:17.659,0.93434,0.93478,1.75,1.00
2015.04.16 15:10:17.962,0.93434,0.93477,1.75,1.00
2015.04.16 15:10:20.253,0.93434,0.93478,1.75,1.00
2015.04.16 15:10:20.663,0.93435,0.93478,1.75,1.00
2015.04.16 15:10:20.714,0.93432,0.93478,1.75,1.37
2015.04.16 15:10:20.823,0.93432,0.93478,1.00,1.00
2015.04.16 15:10:20.881,0.9343,0.93478,1.12,1.00
2015.04.16 15:10:21.101,0.9343,0.93473,1.12,1.00
2015.04.16 15:10:22.888,0.9343,0.93473,1.75,1.00
2015.04.16 15:10:23.851,0.9343,0.93472,1.75,1.00
2015.04.16 15:10:24.072,0.9343,0.93478,1.75,1.37
2015.04.16 15:10:24.223,0.93434,0.93478,1.50,1.37
2015.04.16 15:10:24.493,0.93427,0.93478,1.75,1.37
2015.04.16 15:10:24.694,0.93427,0.93478,1.75,1.75
2015.04.16 15:10:24.794,0.93427,0.93478,1.37,1.75
2015.04.16 15:10:24.895,0.93423,0.93479,1.75,1.75
2015.04.16 15:10:24.996,0.93423,0.93479,1.50,1.75
2015.04.16 15:10:25.097,0.93419,0.93474,1.50,1.75
2015.04.16 15:10:25.197,0.93417,0.93467,1.00,1.00
2015.04.16 15:10:25.348,0.93418,0.93458,1.00,1.00
2015.04.16 15:10:25.664,0.93414,0.93458,1.00,1.00
2015.04.16 15:10:25.833,0.93423,0.93458,1.00,1.00
2015.04.16 15:10:25.999,0.93423,0.93467,1.37,1.37
2015.04.16 15:10:26.100,0.93419,0.93462,1.12,1.00
2015.04.16 15:10:26.401,0.93423,0.93467,1.75,1.00
2015.04.16 15:10:26.734,0.93423,0.93467,2.25,1.00
2015.04.16 15:10:27.375,0.93427,0.93473,1.75,1.00
2015.04.16 15:10:28.033,0.93427,0.93472,1.75,1.00
2015.04.16 15:10:28.141,0.93427,0.93472,1.50,1.12
2015.04.16 15:10:31.036,0.93412,0.93463,2.25,1.75
2015.04.16 15:10:31.087,0.93412,0.93463,1.50,1.37
2015.04.16 15:10:31.359,0.93409,0.93457,1.00,1.00
2015.04.16 15:10:31.860,0.93408,0.93457,1.00,1.00
2015.04.16 15:10:32.448,0.93408,0.93457,1.75,1.50
2015.04.16 15:10:33.091,0.93408,0.93457,1.37,1.75
2015.04.16 15:10:33.461,0.93408,0.93456,1.00,1.75
2015.04.16 15:10:33.563,0.93403,0.93452,1.75,1.50
2015.04.16 15:10:34.271,0.93397,0.93452,2.25,1.75
2015.04.16 15:10:34.572,0.93397,0.93452,2.25,1.50
2015.04.16 15:10:34.656,0.93397,0.93452,2.25,1.75
2015.04.16 15:10:34.902,0.93398,0.93447,1.75,1.37
2015.04.16 15:10:36.961,0.93405,0.93447,1.75,1.12
2015.04.16 15:10:37.469,0.93405,0.93448,1.75,1.12
2015.04.16 15:10:37.984,0.93399,0.93447,1.75,1.75
2015.04.16 15:10:38.085,0.93403,0.93447,1.00,1.75
2015.04.16 15:10:38.314,0.93403,0.93447,1.00,1.00
2015.04.16 15:10:38.415,0.93403,0.93452,1.50,1.00
2015.04.16 15:10:38.869,0.93403,0.93452,2.25,1.12
2015.04.16 15:10:40.793,0.93403,0.93452,2.25,1.37
2015.04.16 15:10:41.612,0.93398,0.93453,1.75,1.37
2015.04.16 15:10:41.688,0.93398,0.93453,1.75,1.75
2015.04.16 15:10:41.989,0.93403,0.93452,1.37,1.75
2015.04.16 15:10:42.602,0.93398,0.93453,1.75,1.75
2015.04.16 15:10:42.793,0.93397,0.93453,1.75,1.75
2015.04.16 15:10:48.017,0.93398,0.93452,1.75,1.75
2015.04.16 15:10:53.572,0.93402,0.93448,1.75,1.37
2015.04.16 15:10:54.347,0.93402,0.93448,1.50,1.00
2015.04.16 15:10:54.850,0.93402,0.93448,1.75,1.12
2015.04.16 15:10:56.083,0.93403,0.93452,2.25,1.75
2015.04.16 15:10:56.611,0.93404,0.93447,1.75,1.00
2015.04.16 15:10:56.926,0.93407,0.93452,1.75,1.75
2015.04.16 15:10:56.977,0.93407,0.93452,1.75,1.37
2015.04.16 15:10:57.051,0.93407,0.93448,1.75,1.00
2015.04.16 15:10:57.367,0.93412,0.93448,1.75,1.00
2015.04.16 15:10:57.417,0.93412,0.93452,1.75,1.00
2015.04.16 15:10:58.041,0.93412,0.93458,1.75,1.37
2015.04.16 15:10:58.170,0.93412,0.93458,1.75,1.37
2015.04.16 15:10:58.671,0.93412,0.93458,1.75,1.12
2015.04.16 15:10:58.873,0.93412,0.93458,1.75,1.00
2015.04.16 15:10:59.374,0.93412,0.93458,1.75,1.00
2015.04.16 15:11:00.240,0.93412,0.93457,1.75,1.00
2015.04.16 15:11:01.283,0.93412,0.93457,1.75,1.00
2015.04.16 15:11:02.364,0.93413,0.93458,1.12,1.00
2015.04.16 15:11:04.229,0.93413,0.93457,1.12,1.37
2015.04.16 15:11:04.596,0.93412,0.93457,1.87,1.37
2015.04.16 15:11:04.646,0.93412,0.93452,1.87,1.00
2015.04.16 15:11:05.152,0.93413,0.93452,1.12,1.37
2015.04.16 15:11:05.504,0.93411,0.93457,1.75,1.75
2015.04.16 15:11:05.653,0.93414,0.93443,1.00,1.00
2015.04.16 15:11:06.074,0.93414,0.93447,1.00,1.00
2015.04.16 15:11:07.061,0.93412,0.93442,1.12,1.00
2015.04.16 15:11:09.889,0.93412,0.93447,1.12,1.00
2015.04.16 15:11:09.948,0.93416,0.93447,1.00,1.00
2015.04.16 15:11:10.901,0.93413,0.93447,1.00,1.00
2015.04.16 15:11:11.669,0.93413,0.93448,1.00,1.37
2015.04.16 15:11:12.170,0.93412,0.93447,1.00,1.37
2015.04.16 15:11:12.340,0.93412,0.93442,1.00,1.00
2015.04.16 15:11:12.560,0.93412,0.93447,1.00,1.37
2015.04.16 15:11:12.780,0.93412,0.93443,1.00,1.00
2015.04.16 15:11:14.856,0.93411,0.93443,1.12,1.00
2015.04.16 15:11:15.090,0.93411,0.93447,1.12,1.37
2015.04.16 15:11:15.249,0.93411,0.93447,1.75,1.00
2015.04.16 15:11:15.639,0.93411,0.93442,1.75,1.00
2015.04.16 15:11:16.311,0.93411,0.93442,1.12,1.00
2015.04.16 15:11:16.851,0.93411,0.93443,1.12,1.00
2015.04.16 15:11:17.165,0.93412,0.93443,1.12,1.00
2015.04.16 15:11:17.359,0.93411,0.93443,1.12,1.00
2015.04.16 15:11:19.127,0.93414,0.93442,1.12,1.00
2015.04.16 15:11:19.178,0.93414,0.93442,1.37,1.00
2015.04.16 15:11:20.661,0.93414,0.93442,1.37,1.00
2015.04.16 15:11:21.180,0.93413,0.93442,1.00,1.00
2015.04.16 15:11:21.284,0.93413,0.93442,1.37,1.00
2015.04.16 15:11:21.386,0.93413,0.93447,1.87,1.00
2015.04.16 15:11:21.436,0.93413,0.93447,2.25,1.00
2015.04.16 15:11:21.587,0.93413,0.93453,2.25,1.00
2015.04.16 15:11:21.638,0.93413,0.93453,1.50,1.00
2015.04.16 15:11:22.288,0.93412,0.93453,1.00,1.00
2015.04.16 15:11:22.351,0.93412,0.93457,1.00,1.12
2015.04.16 15:11:22.591,0.93412,0.93447,1.00,1.00
2015.04.16 15:11:22.928,0.93411,0.93447,1.50,1.00
2015.04.16 15:11:23.510,0.93411,0.93448,1.50,1.00
2015.04.16 15:11:24.013,0.93411,0.93447,1.75,1.00
2015.04.16 15:11:24.550,0.93411,0.93447,1.75,1.00
2015.04.16 15:11:26.455,0.93415,0.93463,1.00,1.75
2015.04.16 15:11:26.640,0.93415,0.93461,1.75,1.12
2015.04.16 15:11:27.442,0.93415,0.93463,1.75,1.37
2015.04.16 15:11:27.548,0.93415,0.93463,1.75,1.37
2015.04.16 15:11:27.760,0.93415,0.93462,1.75,1.00
2015.04.16 15:11:28.065,0.93425,0.93467,1.75,1.50
2015.04.16 15:11:28.166,0.93425,0.93466,1.75,1.00
2015.04.16 15:11:28.399,0.93425,0.9347,1.75,1.12
2015.04.16 15:11:28.450,0.93425,0.93472,1.75,1.37
2015.04.16 15:11:28.859,0.93425,0.93473,1.75,1.37
2015.04.16 15:11:29.660,0.93425,0.93477,1.75,1.75
2015.04.16 15:11:30.370,0.93425,0.93477,1.75,1.87
2015.04.16 15:11:30.667,0.93425,0.93477,1.75,1.87
2015.04.16 15:11:34.560,0.93425,0.93472,1.75,1.00
2015.04.16 15:11:35.331,0.93428,0.93477,1.75,1.37
2015.04.16 15:11:35.531,0.93428,0.93477,1.75,1.50
2015.04.16 15:11:35.932,0.93427,0.93478,1.75,1.37
2015.04.16 15:11:36.087,0.93427,0.93478,1.75,1.75
2015.04.16 15:11:37.265,0.93439,0.93482,1.75,1.87
2015.04.16 15:11:37.440,0.93439,0.93483,1.00,1.75
2015.04.16 15:11:37.551,0.93433,0.93483,1.12,1.75
2015.04.16 15:11:37.660,0.93433,0.93477,1.12,1.00
2015.04.16 15:11:38.221,0.93433,0.93478,1.12,1.00
2015.04.16 15:11:38.707,0.93434,0.93478,1.75,1.50
2015.04.16 15:11:39.070,0.93434,0.93477,1.75,1.37
2015.04.16 15:11:40.314,0.93434,0.93477,1.75,1.00
2015.04.16 15:11:40.415,0.93436,0.93483,1.75,1.87
2015.04.16 15:11:40.465,0.9344,0.93483,1.75,1.50
2015.04.16 15:11:41.123,0.93441,0.93483,1.75,1.87
2015.04.16 15:11:43.300,0.93442,0.93484,1.75,1.12
2015.04.16 15:11:43.643,0.93442,0.93484,1.75,1.37
2015.04.16 15:11:48.190,0.9344,0.93482,1.75,1.50
2015.04.16 15:11:49.042,0.9344,0.93482,1.75,1.12
2015.04.16 15:11:49.740,0.93441,0.93483,1.75,1.75
2015.04.16 15:11:51.551,0.93441,0.93483,1.75,1.00
2015.04.16 15:11:51.601,0.93441,0.93483,1.75,1.00
2015.04.16 15:11:51.651,0.93444,0.93487,1.75,1.12
2015.04.16 15:11:51.776,0.93444,0.93487,1.75,1.00
2015.04.16 15:11:51.829,0.93444,0.93491,1.75,1.12
2015.04.16 15:11:51.880,0.93444,0.9349,1.75,1.37
2015.04.16 15:11:51.980,0.93444,0.9349,1.75,1.12
2015.04.16 15:11:52.692,0.93444,0.93487,1.75,1.12
2015.04.16 15:11:53.791,0.93444,0.9349,1.75,1.37
2015.04.16 15:11:56.630,0.93444,0.93487,1.75,1.37
2015.04.16 15:11:59.491,0.93445,0.93491,1.75,1.12
2015.04.16 15:11:59.542,0.93445,0.93491,1.50,1.12
2015.04.16 15:11:59.642,0.9344,0.93487,1.75,1.87
2015.04.16 15:12:00.541,0.93448,0.93488,1.75,1.12
2015.04.16 15:12:01.116,0.93447,0.93493,1.75,1.87
2015.04.16 15:12:01.363,0.93442,0.93493,2.25,1.87
2015.04.16 15:12:03.550,0.93448,0.93492,1.37,1.75
2015.04.16 15:12:04.353,0.93448,0.93491,1.12,1.12
2015.04.16 15:12:04.423,0.93448,0.93486,1.12,1.12
2015.04.16 15:12:04.725,0.93443,0.93485,1.37,1.75
2015.04.16 15:12:05.164,0.93443,0.93484,1.12,1.37
2015.04.16 15:12:06.169,0.93443,0.93484,1.37,1.12
2015.04.16 15:12:06.995,0.93443,0.93483,1.37,1.12
2015.04.16 15:12:07.379,0.93443,0.93481,1.37,1.12
2015.04.16 15:12:07.630,0.93442,0.9348,1.12,1.37
2015.04.16 15:12:08.171,0.93442,0.93481,1.37,1.12
2015.04.16 15:12:08.221,0.93442,0.93481,1.37,1.12
2015.04.16 15:12:08.901,0.93443,0.93482,1.37,1.12
2015.04.16 15:12:08.952,0.93442,0.93482,1.50,1.37
2015.04.16 15:12:09.120,0.93442,0.93484,1.75,1.12
2015.04.16 15:12:09.221,0.93443,0.93483,1.50,1.12
2015.04.16 15:12:09.295,0.93443,0.93488,1.75,1.12
2015.04.16 15:12:10.597,0.93439,0.93481,1.75,1.00
2015.04.16 15:12:10.648,0.93439,0.93482,1.37,1.12
2015.04.16 15:12:10.933,0.93443,0.93482,1.00,1.75
2015.04.16 15:12:11.209,0.93443,0.93482,1.00,1.12
2015.04.16 15:12:11.792,0.93442,0.93487,1.00,1.75
2015.04.16 15:12:13.561,0.93438,0.93487,2.25,1.37
2015.04.16 15:12:13.665,0.93438,0.93487,2.25,1.37
2015.04.16 15:12:13.766,0.93443,0.93487,1.75,1.00
2015.04.16 15:12:13.870,0.93453,0.93494,1.00,1.12
2015.04.16 15:12:14.435,0.93453,0.93493,1.12,1.37
2015.04.16 15:12:16.281,0.93453,0.93487,1.00,1.12
2015.04.16 15:12:16.331,0.93453,0.93487,1.37,1.00
2015.04.16 15:12:17.041,0.93453,0.93492,1.37,1.37
2015.04.16 15:12:17.469,0.93452,0.93488,1.87,1.00
2015.04.16 15:12:17.520,0.93452,0.93488,1.37,1.37
2015.04.16 15:12:17.703,0.93444,0.93488,1.37,1.37
2015.04.16 15:12:18.059,0.93448,0.93482,1.37,1.00
2015.04.16 15:12:18.160,0.93444,0.93488,1.37,1.75
2015.04.16 15:12:18.261,0.93444,0.93488,1.00,1.00
2015.04.16 15:12:18.312,0.93442,0.93488,1.00,1.00
2015.04.16 15:12:18.423,0.93443,0.93492,1.00,1.37
2015.04.16 15:12:19.065,0.93443,0.93492,2.25,1.37
2015.04.16 15:12:19.827,0.93452,0.93498,1.00,1.75
2015.04.16 15:12:20.340,0.93452,0.93498,1.12,1.75
2015.04.16 15:12:20.391,0.93452,0.93498,1.37,1.37
2015.04.16 15:12:20.491,0.93452,0.93498,1.00,1.75
2015.04.16 15:12:20.592,0.93448,0.93492,1.37,1.12
2015.04.16 15:12:21.174,0.93448,0.93492,1.37,1.12
2015.04.16 15:12:21.490,0.93448,0.93492,1.50,1.37
2015.04.16 15:12:22.383,0.93448,0.93497,1.50,1.50
2015.04.16 15:12:22.959,0.93448,0.93497,1.75,1.37
2015.04.16 15:12:24.051,0.93463,0.93507,1.00,1.75
2015.04.16 15:12:24.202,0.93462,0.93508,1.37,1.75
2015.04.16 15:12:24.457,0.93466,0.93512,1.00,1.75
2015.04.16 15:12:24.507,0.93466,0.93512,1.37,1.75
2015.04.16 15:12:24.591,0.93466,0.93512,1.00,1.00
2015.04.16 15:12:24.642,0.93468,0.93512,1.00,1.00
2015.04.16 15:12:24.852,0.93468,0.93517,1.00,1.37
2015.04.16 15:12:25.070,0.93472,0.93521,1.00,1.50
2015.04.16 15:12:25.402,0.93466,0.93517,1.00,1.37
2015.04.16 15:12:26.324,0.93472,0.93512,1.00,1.00
2015.04.16 15:12:26.638,0.93472,0.93517,1.00,1.37
2015.04.16 15:12:26.897,0.93472,0.93518,1.37,1.50
2015.04.16 15:12:27.602,0.93472,0.93522,1.00,1.75
2015.04.16 15:12:28.039,0.93467,0.93503,1.37,1.00
2015.04.16 15:12:28.591,0.93468,0.93502,1.12,1.00
2015.04.16 15:12:28.812,0.93464,0.93512,1.37,1.37
2015.04.16 15:12:29.044,0.93464,0.93518,1.75,1.75
2015.04.16 15:12:29.359,0.93478,0.93512,1.00,1.00
2015.04.16 15:12:29.681,0.93478,0.93512,1.37,1.00
2015.04.16 15:12:29.731,0.93477,0.93528,1.50,1.75
2015.04.16 15:12:29.799,0.93476,0.93517,1.12,1.00
2015.04.16 15:12:30.019,0.93476,0.93523,1.12,1.37
2015.04.16 15:12:30.132,0.93476,0.93523,1.12,1.75
2015.04.16 15:12:30.489,0.93473,0.93517,1.37,1.37
2015.04.16 15:12:32.824,0.93471,0.93518,1.75,1.12
2015.04.16 15:12:34.864,0.93475,0.93523,1.37,1.75
2015.04.16 15:12:35.536,0.93472,0.93517,1.75,1.37
2015.04.16 15:12:36.069,0.93472,0.93523,1.75,1.75
2015.04.16 15:12:37.249,0.93478,0.93517,1.37,1.37
2015.04.16 15:12:37.652,0.93478,0.93517,1.37,1.37
2015.04.16 15:12:37.773,0.93478,0.93517,1.37,1.37
2015.04.16 15:12:38.349,0.93483,0.93522,1.00,1.75
2015.04.16 15:12:38.559,0.93478,0.93517,1.87,1.37
2015.04.16 15:12:39.415,0.93478,0.93517,2.25,1.12
2015.04.16 15:12:39.600,0.93478,0.93518,1.12,1.37
2015.04.16 15:12:39.703,0.93479,0.93517,1.00,1.37
2015.04.16 15:12:40.071,0.93478,0.93522,1.87,1.75
2015.04.16 15:12:40.121,0.93478,0.93513,1.12,1.00
2015.04.16 15:12:40.323,0.93478,0.93528,1.75,1.50
2015.04.16 15:12:40.520,0.93478,0.93528,1.75,1.37
2015.04.16 15:12:41.193,0.93478,0.93527,1.87,2.25
2015.04.16 15:12:41.379,0.93478,0.93527,1.87,1.75
2015.04.16 15:12:43.798,0.93478,0.93517,1.37,1.37
2015.04.16 15:12:44.807,0.93478,0.93517,1.37,1.37
2015.04.16 15:12:45.139,0.93478,0.93528,1.37,1.00
2015.04.16 15:12:45.700,0.93478,0.93528,1.75,1.00
2015.04.16 15:12:45.918,0.93481,0.93528,1.12,1.37
2015.04.16 15:12:46.309,0.93481,0.93533,1.12,1.75
2015.04.16 15:12:46.359,0.93481,0.93533,1.12,1.00
2015.04.16 15:12:46.590,0.93488,0.93527,1.12,1.00
2015.04.16 15:12:46.811,0.93483,0.93537,2.25,1.37
2015.04.16 15:12:46.861,0.93483,0.93537,2.25,1.50
2015.04.16 15:12:48.743,0.93478,0.93527,2.25,1.37
2015.04.16 15:12:49.454,0.93483,0.93532,1.50,1.75
2015.04.16 15:12:50.456,0.93483,0.93532,1.50,1.50
2015.04.16 15:12:50.658,0.93483,0.93532,1.75,1.75
2015.04.16 15:12:50.759,0.93483,0.93532,1.75,1.75
2015.04.16 15:12:53.173,0.93483,0.93532,1.75,1.75
2015.04.16 15:12:53.286,0.93483,0.93532,1.37,1.75
2015.04.16 15:12:53.387,0.93487,0.93538,1.37,1.75
2015.04.16 15:12:53.488,0.93487,0.93538,1.12,1.75
2015.04.16 15:12:53.619,0.93487,0.93538,1.50,1.75
2015.04.16 15:12:53.775,0.93488,0.93537,1.00,1.00
2015.04.16 15:12:53.826,0.93488,0.93534,1.00,1.00
2015.04.16 15:12:53.876,0.93482,0.93534,1.00,1.00
2015.04.16 15:12:54.110,0.93488,0.93527,1.00,1.00
2015.04.16 15:12:54.291,0.93479,0.93528,1.00,1.00
2015.04.16 15:12:55.098,0.93483,0.93532,1.00,1.00
2015.04.16 15:12:55.445,0.93479,0.93528,1.00,1.00
2015.04.16 15:12:55.781,0.93482,0.93528,1.75,1.12
2015.04.16 15:12:56.403,0.93487,0.93533,1.50,1.75
2015.04.16 15:12:57.129,0.93487,0.93533,1.50,1.37
2015.04.16 15:12:58.748,0.93483,0.93528,1.75,1.00
2015.04.16 15:12:59.109,0.93483,0.93528,1.75,1.00
2015.04.16 15:12:59.159,0.93487,0.93533,1.75,1.37
2015.04.16 15:13:00.211,0.93488,0.93532,1.50,1.37
2015.04.16 15:13:00.513,0.93488,0.93532,1.37,1.37
2015.04.16 15:13:01.515,0.93488,0.93532,1.37,1.50
2015.04.16 15:13:02.279,0.9349,0.93528,1.12,1.37
2015.04.16 15:13:02.330,0.9349,0.93533,1.12,1.37
2015.04.16 15:13:02.533,0.93492,0.93533,1.00,1.37
2015.04.16 15:13:02.870,0.93492,0.93527,1.00,1.37
2015.04.16 15:13:04.453,0.93483,0.93528,1.75,1.37
2015.04.16 15:13:04.522,0.93483,0.93528,1.75,1.00
2015.04.16 15:13:04.591,0.93489,0.93528,1.12,1.00
2015.04.16 15:13:05.052,0.93491,0.93537,1.12,1.75
2015.04.16 15:13:05.468,0.93484,0.93527,1.75,1.37
2015.04.16 15:13:06.446,0.93484,0.93527,1.50,1.37
2015.04.16 15:13:06.727,0.93484,0.93527,1.75,1.00
2015.04.16 15:13:06.949,0.93484,0.93532,1.75,1.37
2015.04.16 15:13:07.028,0.93484,0.93532,1.75,1.12
2015.04.16 15:13:07.129,0.93484,0.93533,1.75,1.37
2015.04.16 15:13:07.249,0.93484,0.93533,1.75,1.50
2015.04.16 15:13:07.368,0.93484,0.93533,1.75,1.37
2015.04.16 15:13:07.639,0.93486,0.93532,1.12,1.12
2015.04.16 15:13:07.873,0.93487,0.93538,1.75,1.50
2015.04.16 15:13:09.233,0.93488,0.93538,1.75,1.37
2015.04.16 15:13:11.060,0.9349,0.93537,1.12,1.75
2015.04.16 15:13:11.379,0.9349,0.93528,1.12,1.37
2015.04.16 15:13:11.940,0.93488,0.93527,1.37,1.37
2015.04.16 15:13:12.338,0.93483,0.93523,1.12,1.00
2015.04.16 15:13:12.817,0.93482,0.93522,1.12,1.37
2015.04.16 15:13:13.066,0.93474,0.93522,1.12,1.50
2015.04.16 15:13:13.167,0.93473,0.93522,1.87,1.37
2015.04.16 15:13:13.671,0.93474,0.93527,1.37,2.25
2015.04.16 15:13:13.870,0.93474,0.93527,1.12,2.25
2015.04.16 15:13:14.072,0.93474,0.93527,1.37,2.25
2015.04.16 15:13:16.164,0.93475,0.93527,1.37,1.75
2015.04.16 15:13:16.712,0.93473,0.93526,1.37,1.75
2015.04.16 15:13:21.291,0.9347,0.93512,1.00,1.00
2015.04.16 15:13:21.611,0.93468,0.93512,1.87,1.00
2015.04.16 15:13:21.690,0.9347,0.93512,1.00,1.37
2015.04.16 15:13:21.859,0.9347,0.93517,1.12,1.75
2015.04.16 15:13:21.910,0.93472,0.93517,1.12,1.37
2015.04.16 15:13:22.011,0.93472,0.93517,1.12,1.75
2015.04.16 15:13:22.093,0.93473,0.93517,1.37,1.50
2015.04.16 15:13:22.858,0.93468,0.93508,1.12,1.00
2015.04.16 15:13:23.288,0.93464,0.93508,1.12,1.12
2015.04.16 15:13:24.097,0.93464,0.93507,1.12,1.00
2015.04.16 15:13:24.203,0.93464,0.93507,1.12,1.00
2015.04.16 15:13:24.815,0.93464,0.93507,1.12,1.00
2015.04.16 15:13:24.870,0.93464,0.93512,1.12,1.37
2015.04.16 15:13:24.971,0.93464,0.93512,1.12,1.37
2015.04.16 15:13:25.138,0.93464,0.93512,1.12,1.75
2015.04.16 15:13:25.352,0.93463,0.93516,1.00,1.75
2015.04.16 15:13:25.453,0.93459,0.93503,1.12,1.37
2015.04.16 15:13:25.628,0.93453,0.93503,1.12,1.00
2015.04.16 15:13:25.729,0.93458,0.93507,1.75,1.00
2015.04.16 15:13:25.903,0.93458,0.93513,1.75,1.87
2015.04.16 15:13:26.323,0.93467,0.93518,1.00,1.75
2015.04.16 15:13:26.374,0.93467,0.93518,1.00,1.00
2015.04.16 15:13:26.424,0.93471,0.93518,1.00,1.00
2015.04.16 15:13:26.774,0.93473,0.93517,1.00,1.00
2015.04.16 15:13:27.432,0.93473,0.93517,1.37,1.37
2015.04.16 15:13:28.192,0.9348,0.93523,1.00,1.75
2015.04.16 15:13:28.565,0.9348,0.93518,1.00,1.37
2015.04.16 15:13:29.390,0.9348,0.93522,1.00,1.75
2015.04.16 15:13:30.087,0.9348,0.93522,1.00,1.75
2015.04.16 15:13:31.372,0.93472,0.93524,1.50,1.00
2015.04.16 15:13:31.425,0.93476,0.93528,1.00,1.37
2015.04.16 15:13:31.532,0.93484,0.93528,1.00,1.37
2015.04.16 15:13:31.701,0.93485,0.93537,1.12,1.00
2015.04.16 15:13:31.902,0.93497,0.93545,1.00,1.75
2015.04.16 15:13:32.210,0.93493,0.93537,1.00,1.00
2015.04.16 15:13:32.593,0.93493,0.93532,1.00,1.00
2015.04.16 15:13:33.113,0.93493,0.93537,1.00,1.00
2015.04.16 15:13:33.752,0.93492,0.93538,1.00,1.00
2015.04.16 15:13:33.880,0.93488,0.93537,1.37,1.00
2015.04.16 15:13:33.981,0.93488,0.93536,1.00,1.37
2015.04.16 15:13:34.526,0.93487,0.93538,1.00,1.37
2015.04.16 15:13:34.854,0.93488,0.93532,1.00,1.00
2015.04.16 15:13:36.055,0.93488,0.93532,1.12,1.37
2015.04.16 15:13:36.691,0.93487,0.93533,1.37,1.37
2015.04.16 15:13:36.792,0.93487,0.93533,1.12,1.37
2015.04.16 15:13:37.193,0.93488,0.93537,1.37,1.75
2015.04.16 15:13:37.546,0.93488,0.93537,1.37,1.37
2015.04.16 15:13:38.111,0.93488,0.93537,1.75,1.00
2015.04.16 15:13:38.312,0.93488,0.93537,1.37,1.37
2015.04.16 15:13:38.598,0.93488,0.93539,1.37,1.37
2015.04.16 15:13:38.913,0.93488,0.93537,1.37,1.50
2015.04.16 15:13:39.301,0.93488,0.93532,1.12,1.50
2015.04.16 15:13:39.402,0.93488,0.93532,1.00,1.50
2015.04.16 15:13:39.503,0.93488,0.93532,1.12,1.87
2015.04.16 15:13:39.930,0.93487,0.93533,1.37,1.75
2015.04.16 15:13:40.048,0.93484,0.93527,1.37,1.00
2015.04.16 15:13:40.733,0.93484,0.93527,1.50,1.12
2015.04.16 15:13:40.907,0.93487,0.93533,1.37,1.75
2015.04.16 15:13:41.910,0.93484,0.93532,1.75,1.00
2015.04.16 15:13:42.261,0.93488,0.93541,1.50,1.87
2015.04.16 15:13:42.435,0.93484,0.93537,1.00,1.75
2015.04.16 15:13:42.658,0.93484,0.93541,1.00,1.50
2015.04.16 15:13:42.708,0.93486,0.93541,1.00,2.25
2015.04.16 15:13:43.022,0.93486,0.93532,1.00,1.00
2015.04.16 15:13:44.008,0.93491,0.93537,1.50,1.37
2015.04.16 15:13:44.058,0.93491,0.93537,1.37,1.37
2015.04.16 15:13:44.218,0.93493,0.93537,1.37,1.37
2015.04.16 15:13:45.822,0.93493,0.93537,1.37,1.37
2015.04.16 15:13:46.452,0.93493,0.93541,1.37,1.12
2015.04.16 15:13:46.650,0.93498,0.93541,1.00,1.12
2015.04.16 15:13:47.281,0.93492,0.93541,1.75,1.12
2015.04.16 15:13:47.801,0.93493,0.93537,2.25,1.00
2015.04.16 15:13:48.122,0.93494,0.93538,1.75,1.12
2015.04.16 15:13:48.172,0.93494,0.93538,1.37,1.00
2015.04.16 15:13:50.028,0.93494,0.93537,1.37,1.00
2015.04.16 15:13:50.509,0.93506,0.93537,1.37,1.00
2015.04.16 15:13:50.560,0.93508,0.93552,1.12,1.37
2015.04.16 15:13:51.162,0.93506,0.93552,1.00,1.75
2015.04.16 15:13:51.212,0.93503,0.93552,1.00,1.75
2015.04.16 15:13:51.369,0.93502,0.93556,1.37,1.75
2015.04.16 15:13:51.569,0.93502,0.93543,1.37,1.00
2015.04.16 15:13:51.892,0.93503,0.93542,1.12,1.37
2015.04.16 15:13:52.339,0.93503,0.93537,1.12,1.00
2015.04.16 15:13:52.898,0.93498,0.93541,1.00,1.12
2015.04.16 15:13:53.049,0.93498,0.9354,1.00,1.37
2015.04.16 15:13:53.272,0.93498,0.93537,1.37,1.12
2015.04.16 15:13:53.688,0.93492,0.93538,2.25,1.37
2015.04.16 15:13:54.592,0.93492,0.93537,1.75,1.12
2015.04.16 15:13:56.078,0.93503,0.93537,1.00,1.12
2015.04.16 15:13:56.518,0.93498,0.93532,1.37,1.00
2015.04.16 15:13:57.068,0.93496,0.93537,1.12,1.00
2015.04.16 15:13:57.193,0.93493,0.93537,1.75,1.75
2015.04.16 15:13:57.294,0.93484,0.93538,1.12,1.75
2015.04.16 15:13:57.648,0.93484,0.93527,1.12,1.00
2015.04.16 15:13:58.149,0.93487,0.93527,1.00,1.37
2015.04.16 15:13:59.461,0.93488,0.93532,1.37,1.37
2015.04.16 15:13:59.821,0.93482,0.93528,2.25,1.00
2015.04.16 15:14:00.407,0.93483,0.93527,1.75,1.00
2015.04.16 15:14:01.099,0.93483,0.93527,1.75,1.00
2015.04.16 15:14:02.714,0.93482,0.93528,2.62,1.00
2015.04.16 15:14:02.788,0.93483,0.93532,1.75,1.37
2015.04.16 15:14:02.838,0.93483,0.93532,1.75,1.37
2015.04.16 15:14:03.411,0.93488,0.93532,1.37,1.37
2015.04.16 15:14:05.133,0.93487,0.93527,1.37,1.00
2015.04.16 15:14:05.920,0.93487,0.93527,1.37,1.00
2015.04.16 15:14:07.107,0.93487,0.93528,1.37,1.12
2015.04.16 15:14:07.461,0.93483,0.93528,1.50,1.37
2015.04.16 15:14:07.827,0.93483,0.93528,1.75,1.37
2015.04.16 15:14:09.534,0.93483,0.93528,1.75,1.00
2015.04.16 15:14:09.641,0.93486,0.93533,1.50,1.50
2015.04.16 15:14:09.842,0.93485,0.93522,1.12,1.00
2015.04.16 15:14:09.944,0.93484,0.93522,1.12,1.00
2015.04.16 15:14:10.637,0.9348,0.93523,1.75,1.00
2015.04.16 15:14:11.147,0.9348,0.93523,1.75,1.00
2015.04.16 15:14:11.658,0.9348,0.93522,1.75,1.00
2015.04.16 15:14:11.761,0.9348,0.93522,1.37,1.00
2015.04.16 15:14:12.000,0.9348,0.93522,1.75,1.00
2015.04.16 15:14:13.239,0.9348,0.93523,1.75,1.00
2015.04.16 15:14:13.652,0.9348,0.93517,1.75,1.00
2015.04.16 15:14:14.764,0.93476,0.93517,1.87,1.00
2015.04.16 15:14:15.678,0.93477,0.93528,1.00,1.75
2015.04.16 15:14:15.729,0.93481,0.93528,1.00,1.75
2015.04.16 15:14:15.779,0.93481,0.93528,1.00,1.00
2015.04.16 15:14:16.263,0.93484,0.93528,1.00,1.00
2015.04.16 15:14:16.319,0.93484,0.93533,1.00,1.00
2015.04.16 15:14:16.370,0.93484,0.93533,1.50,1.75
2015.04.16 15:14:16.715,0.93481,0.93527,1.75,1.37
2015.04.16 15:14:17.276,0.93483,0.93527,1.75,1.37
2015.04.16 15:14:18.901,0.93483,0.93532,1.75,1.75
2015.04.16 15:14:19.785,0.93482,0.93528,1.75,1.37
2015.04.16 15:14:20.029,0.93482,0.93528,1.37,1.37
2015.04.16 15:14:21.586,0.93489,0.93537,1.37,1.37
2015.04.16 15:14:22.610,0.93493,0.93537,1.37,1.37
2015.04.16 15:14:23.340,0.93493,0.93537,1.37,1.37
2015.04.16 15:14:24.157,0.93484,0.93537,1.75,1.75
2015.04.16 15:14:24.208,0.93484,0.93537,1.75,1.75
2015.04.16 15:14:24.841,0.93492,0.93537,1.75,1.00
2015.04.16 15:14:24.942,0.93497,0.93542,1.12,1.37
2015.04.16 15:14:25.043,0.93497,0.93542,1.75,1.12
2015.04.16 15:14:25.144,0.93497,0.93542,1.12,1.50
2015.04.16 15:14:25.491,0.93497,0.93544,1.37,1.75
2015.04.16 15:14:25.542,0.93498,0.93544,1.00,1.75
2015.04.16 15:14:25.643,0.93497,0.93544,1.37,1.75
2015.04.16 15:14:25.962,0.93497,0.93537,1.37,1.12
2015.04.16 15:14:26.358,0.93498,0.93533,1.00,1.00
2015.04.16 15:14:26.902,0.93489,0.93533,1.12,1.00
2015.04.16 15:14:26.953,0.93489,0.93533,1.37,1.37
2015.04.16 15:14:27.320,0.93488,0.93522,1.75,1.00
2015.04.16 15:14:29.067,0.93488,0.93522,1.12,1.00
2015.04.16 15:14:30.607,0.93478,0.93522,2.25,1.12
2015.04.16 15:14:30.658,0.9348,0.93527,1.00,1.75
2015.04.16 15:14:31.777,0.9348,0.93517,1.00,1.00
2015.04.16 15:14:32.175,0.93476,0.93522,1.12,1.37
