2017.01.31 22:00:00.217,0.95233,0.95322,0.75,0.75
2017.01.31 22:00:00.386,0.95228,0.95327,0.75,0.75
2017.01.31 22:00:00.437,0.95233,0.95332,0.75,0.75
2017.01.31 22:00:02.316,0.95227,0.95333,0.75,0.75
2017.01.31 22:00:02.661,0.95228,0.95342,0.75,0.75
2017.01.31 22:00:05.956,0.95222,0.95338,0.75,0.75
2017.01.31 22:00:07.392,0.95222,0.95337,0.75,0.75
2017.01.31 22:00:08.358,0.95235,0.95343,0.75,0.75
2017.01.31 22:00:09.821,0.95237,0.95342,0.75,0.75
2017.01.31 22:00:10.258,0.95228,0.95342,0.75,1.50
2017.01.31 22:00:11.112,0.95227,0.95342,0.75,0.75
2017.01.31 22:00:11.558,0.95237,0.95345,0.75,0.75
2017.01.31 22:00:11.974,0.95245,0.95353,0.75,0.75
2017.01.31 22:00:12.759,0.95227,0.95343,0.75,0.75
2017.01.31 22:00:13.344,0.95227,0.95348,0.75,0.75
2017.01.31 22:00:13.395,0.95227,0.95346,0.75,1.50
2017.01.31 22:00:13.924,0.95227,0.95345,0.75,0.75
2017.01.31 22:00:14.564,0.95228,0.95345,0.75,0.75
2017.01.31 22:00:16.709,0.95228,0.95343,0.75,0.75
2017.01.31 22:00:16.760,0.95222,0.95341,0.75,0.75
2017.01.31 22:00:16.826,0.95222,0.95343,0.75,1.50
2017.01.31 22:00:17.564,0.95222,0.95342,0.75,0.75
2017.01.31 22:00:18.260,0.95227,0.95343,0.75,0.75
2017.01.31 22:00:24.237,0.95233,0.95347,0.75,0.75
2017.01.31 22:00:28.660,0.95232,0.95343,0.75,0.75
2017.01.31 22:00:36.660,0.95233,0.95342,0.75,0.75
2017.01.31 22:00:45.814,0.95227,0.95322,0.75,0.75
2017.01.31 22:00:45.915,0.95222,0.95322,0.75,0.75
2017.01.31 22:00:46.441,0.95222,0.95321,0.75,0.75
2017.01.31 22:00:46.710,0.95222,0.95328,0.75,0.75
2017.01.31 22:00:46.760,0.95227,0.95333,0.75,0.75
2017.01.31 22:00:47.109,0.95223,0.95327,0.75,0.75
2017.01.31 22:00:50.859,0.95222,0.95333,0.75,0.75
2017.01.31 22:00:53.659,0.95232,0.95333,0.75,0.75
2017.01.31 22:00:54.260,0.95232,0.95338,0.75,0.75
2017.01.31 22:00:55.646,0.95223,0.95332,0.75,0.75
2017.01.31 22:01:00.545,0.95245,0.95348,0.75,0.75
2017.01.31 22:01:01.459,0.95218,0.95332,1.50,0.75
2017.01.31 22:01:03.149,0.95218,0.95327,0.75,0.75
2017.01.31 22:01:03.562,0.95223,0.95337,0.75,0.75
2017.01.31 22:01:07.046,0.95222,0.95333,1.50,0.75
2017.01.31 22:01:07.439,0.95218,0.95327,0.75,0.75
2017.01.31 22:01:08.413,0.95222,0.95333,0.75,0.75
2017.01.31 22:01:14.658,0.95238,0.95337,0.75,0.75
2017.01.31 22:01:15.358,0.95223,0.95332,0.75,0.75
2017.01.31 22:01:16.360,0.95228,0.95332,0.75,0.75
2017.01.31 22:01:18.736,0.95222,0.95328,0.75,0.75
2017.01.31 22:01:19.821,0.95222,0.95333,0.75,0.75
2017.01.31 22:01:22.156,0.95223,0.95327,0.75,0.75
2017.01.31 22:01:27.240,0.95232,0.95333,0.75,0.75
2017.01.31 22:01:28.560,0.95231,0.95332,0.75,0.75
2017.01.31 22:01:29.059,0.95246,0.95332,0.75,0.75
2017.01.31 22:01:29.759,0.95246,0.95333,0.75,0.75
2017.01.31 22:01:29.810,0.95232,0.95333,0.75,0.75
2017.01.31 22:01:42.644,0.95233,0.95337,0.75,0.75
2017.01.31 22:01:42.730,0.95237,0.95338,0.75,0.75
2017.01.31 22:01:46.060,0.95233,0.95332,0.75,0.75
2017.01.31 22:01:54.060,0.95237,0.95338,0.75,0.75
2017.01.31 22:02:04.938,0.95238,0.95332,0.75,0.75
2017.01.31 22:02:05.688,0.95232,0.95333,0.75,0.75
2017.01.31 22:02:14.038,0.95243,0.95342,0.75,0.75
2017.01.31 22:02:16.560,0.95247,0.95353,0.75,0.75
2017.01.31 22:02:16.661,0.95238,0.95352,0.75,0.75
2017.01.31 22:02:27.619,0.95237,0.95348,0.75,0.75
2017.01.31 22:02:58.491,0.95228,0.95337,0.75,0.75
2017.01.31 22:03:35.261,0.95232,0.95338,0.75,0.75
2017.01.31 22:03:47.783,0.95232,0.95337,0.75,0.37
2017.01.31 22:03:48.209,0.95227,0.95302,1.50,0.75
2017.01.31 22:03:48.259,0.95228,0.95333,0.75,0.75
2017.01.31 22:03:48.389,0.95228,0.95337,0.75,0.37
2017.01.31 22:03:48.498,0.95228,0.95301,0.75,0.75
2017.01.31 22:03:48.549,0.95228,0.95333,1.50,0.75
2017.01.31 22:03:48.663,0.95228,0.95337,1.50,1.12
2017.01.31 22:03:48.983,0.95228,0.95329,1.50,0.75
2017.01.31 22:03:49.429,0.95228,0.95327,1.50,0.75
2017.01.31 22:03:49.955,0.95233,0.95332,0.75,0.75
2017.01.31 22:03:50.265,0.95238,0.95337,0.75,1.12
2017.01.31 22:03:55.553,0.95238,0.9531,0.75,0.37
2017.01.31 22:03:56.104,0.95238,0.95309,0.75,0.75
2017.01.31 22:04:04.459,0.95237,0.95293,1.00,1.00
2017.01.31 22:04:25.459,0.95237,0.95313,1.00,1.00
2017.01.31 22:04:25.618,0.95218,0.95313,1.00,1.00
2017.01.31 22:04:29.810,0.95218,0.9531,1.00,1.00
2017.01.31 22:04:30.245,0.95222,0.9531,1.00,1.00
2017.01.31 22:04:32.759,0.95253,0.95303,1.00,1.00
2017.01.31 22:04:34.916,0.95247,0.95327,1.00,1.00
2017.01.31 22:04:35.054,0.95247,0.95349,1.00,1.75
2017.01.31 22:04:35.184,0.95248,0.95349,1.00,1.00
2017.01.31 22:04:35.234,0.95248,0.95338,1.00,1.00
2017.01.31 22:04:35.554,0.95247,0.95326,1.00,1.00
2017.01.31 22:04:35.858,0.95247,0.95302,1.00,1.00
2017.01.31 22:04:36.310,0.95247,0.953,1.00,1.00
2017.01.31 22:04:36.411,0.95248,0.95302,1.00,1.00
2017.01.31 22:04:37.593,0.95248,0.95321,1.00,1.00
2017.01.31 22:04:38.810,0.95248,0.95342,1.00,1.75
2017.01.31 22:04:38.911,0.95248,0.95354,1.00,1.00
2017.01.31 22:04:41.392,0.95248,0.9536,1.00,1.00
2017.01.31 22:04:41.493,0.95248,0.9535,1.00,1.00
2017.01.31 22:04:50.960,0.95248,0.95345,1.00,1.00
2017.01.31 22:04:51.106,0.95232,0.95351,1.00,1.00
2017.01.31 22:04:51.156,0.95232,0.95345,1.00,1.00
2017.01.31 22:04:51.257,0.95232,0.95351,1.00,1.00
2017.01.31 22:04:51.329,0.95232,0.95347,1.00,1.00
2017.01.31 22:04:56.213,0.95242,0.95347,1.00,1.00
2017.01.31 22:04:56.563,0.95233,0.95344,1.00,1.00
2017.01.31 22:05:00.619,0.95233,0.95345,1.00,1.00
2017.01.31 22:05:02.268,0.95228,0.95342,1.00,1.00
2017.01.31 22:05:02.904,0.95228,0.95341,1.00,1.00
2017.01.31 22:05:12.282,0.95225,0.95337,1.00,1.00
2017.01.31 22:05:14.119,0.95223,0.95337,1.00,1.00
2017.01.31 22:05:16.620,0.95227,0.95333,1.00,1.00
2017.01.31 22:05:17.012,0.95227,0.9533,1.00,1.00
2017.01.31 22:05:17.331,0.95238,0.95325,1.00,1.00
2017.01.31 22:05:17.636,0.95238,0.95332,1.00,1.50
2017.01.31 22:05:18.292,0.95238,0.95336,1.00,1.00
2017.01.31 22:05:18.831,0.95238,0.95337,1.00,1.00
2017.01.31 22:05:22.226,0.95238,0.95339,1.00,1.00
2017.01.31 22:05:22.348,0.95238,0.95334,1.00,1.00
2017.01.31 22:05:22.409,0.95238,0.95336,1.00,1.00
2017.01.31 22:05:25.155,0.95237,0.95333,1.00,1.00
2017.01.31 22:05:34.859,0.95228,0.95322,1.00,1.00
2017.01.31 22:05:34.960,0.95205,0.95323,1.50,1.00
2017.01.31 22:05:35.011,0.95197,0.95317,1.00,1.00
2017.01.31 22:05:35.111,0.95197,0.95308,1.00,1.00
2017.01.31 22:05:39.560,0.95203,0.95308,1.00,1.00
2017.01.31 22:05:41.260,0.95197,0.95308,1.00,1.00
2017.01.31 22:05:41.361,0.95197,0.95318,1.00,1.12
2017.01.31 22:05:41.470,0.95197,0.9531,1.00,1.00
2017.01.31 22:05:46.961,0.95198,0.9531,1.00,1.00
2017.01.31 22:05:47.011,0.95198,0.95317,1.00,1.00
2017.01.31 22:05:47.132,0.95198,0.95306,1.00,1.00
2017.01.31 22:05:51.760,0.95203,0.95306,1.00,1.00
2017.01.31 22:05:51.861,0.95203,0.95322,1.00,1.00
2017.01.31 22:05:51.962,0.95203,0.95311,1.00,1.00
2017.01.31 22:06:00.391,0.95203,0.95307,1.00,1.00
2017.01.31 22:06:00.454,0.95203,0.95315,1.00,1.00
2017.01.31 22:06:00.505,0.95192,0.95313,1.00,1.00
2017.01.31 22:06:00.555,0.95192,0.95308,1.00,1.00
2017.01.31 22:06:00.692,0.95192,0.95311,1.00,1.00
2017.01.31 22:06:05.516,0.95193,0.95311,1.00,1.00
2017.01.31 22:06:05.622,0.95193,0.95306,1.00,1.00
2017.01.31 22:06:07.495,0.95193,0.95312,1.00,1.00
2017.01.31 22:06:07.596,0.95193,0.95306,1.00,1.00
2017.01.31 22:06:09.216,0.95197,0.95306,1.00,1.00
2017.01.31 22:06:09.755,0.95197,0.95301,1.00,1.00
2017.01.31 22:06:13.182,0.95197,0.95306,1.00,1.00
2017.01.31 22:06:13.359,0.95198,0.95302,1.00,1.00
2017.01.31 22:06:13.803,0.95198,0.95298,1.00,1.00
2017.01.31 22:06:14.133,0.95198,0.95298,1.00,1.37
2017.01.31 22:06:16.759,0.95197,0.95298,1.00,1.87
2017.01.31 22:06:16.860,0.95197,0.95298,1.00,1.37
2017.01.31 22:06:19.813,0.95197,0.95298,1.00,1.00
2017.01.31 22:06:22.813,0.95197,0.95298,1.00,1.37
2017.01.31 22:06:28.814,0.95197,0.95298,1.00,1.37
2017.01.31 22:06:29.622,0.95203,0.95302,1.00,1.37
2017.01.31 22:06:31.815,0.95203,0.95302,1.00,1.37
2017.01.31 22:06:42.059,0.95203,0.95312,1.00,1.87
2017.01.31 22:06:42.460,0.95207,0.95313,1.00,1.37
2017.01.31 22:06:43.339,0.95203,0.95322,1.00,1.37
2017.01.31 22:06:43.490,0.95203,0.95322,1.00,1.00
2017.01.31 22:06:43.541,0.95206,0.95322,1.00,1.00
2017.01.31 22:06:44.162,0.95206,0.95318,1.00,1.00
2017.01.31 22:06:51.501,0.95197,0.95318,1.00,1.00
2017.01.31 22:06:53.148,0.95197,0.95313,1.00,1.00
2017.01.31 22:06:53.455,0.95201,0.95313,1.00,1.00
2017.01.31 22:06:56.514,0.95201,0.95317,1.00,1.00
2017.01.31 22:06:56.615,0.95198,0.95317,1.00,1.00
2017.01.31 22:06:59.007,0.952,0.95317,1.00,1.00
2017.01.31 22:07:00.114,0.95207,0.95318,1.00,1.00
2017.01.31 22:07:00.323,0.95198,0.95317,1.00,1.00
2017.01.31 22:07:00.872,0.95198,0.95316,1.00,1.00
2017.01.31 22:07:12.061,0.95202,0.95318,1.00,1.00
2017.01.31 22:07:12.572,0.95205,0.95318,1.00,1.00
2017.01.31 22:07:16.583,0.95204,0.95318,1.00,1.00
2017.01.31 22:07:17.172,0.95202,0.95318,1.50,1.00
2017.01.31 22:07:19.163,0.95204,0.95318,1.00,1.00
2017.01.31 22:07:19.400,0.95202,0.95318,1.00,1.00
2017.01.31 22:07:28.765,0.95203,0.95318,1.00,1.00
2017.01.31 22:07:33.514,0.95202,0.95318,1.50,1.00
2017.01.31 22:07:33.615,0.95204,0.95318,1.00,1.00
2017.01.31 22:07:39.359,0.95204,0.95307,1.00,1.00
2017.01.31 22:07:39.900,0.95203,0.95307,1.00,1.00
2017.01.31 22:08:05.695,0.95203,0.95307,1.37,1.00
2017.01.31 22:08:11.151,0.95203,0.95307,1.00,1.00
2017.01.31 22:08:11.861,0.95203,0.95312,1.00,1.00
2017.01.31 22:08:11.962,0.95205,0.95312,1.00,1.00
2017.01.31 22:08:16.786,0.95204,0.95312,1.37,1.00
2017.01.31 22:08:22.631,0.95217,0.95318,1.00,1.00
2017.01.31 22:08:36.564,0.95212,0.95313,1.00,1.00
2017.01.31 22:08:39.160,0.95218,0.95317,1.00,1.00
2017.01.31 22:08:43.913,0.95218,0.95312,1.00,1.00
2017.01.31 22:08:45.960,0.95203,0.95312,1.00,1.00
2017.01.31 22:08:49.864,0.95203,0.95311,1.00,1.00
2017.01.31 22:08:52.285,0.95203,0.95312,1.00,1.00
2017.01.31 22:08:53.462,0.95202,0.95313,1.00,1.50
2017.01.31 22:08:56.559,0.95202,0.95308,1.00,1.00
2017.01.31 22:09:00.237,0.95203,0.9531,1.00,1.00
2017.01.31 22:09:04.957,0.95202,0.95306,1.00,1.00
2017.01.31 22:09:05.812,0.95202,0.95309,1.00,1.00
2017.01.31 22:09:06.611,0.95202,0.95307,1.00,1.00
2017.01.31 22:09:06.732,0.95202,0.95309,1.00,1.00
2017.01.31 22:09:09.561,0.95202,0.95312,1.00,1.00
2017.01.31 22:09:12.324,0.95202,0.95313,1.00,1.00
2017.01.31 22:09:17.462,0.95202,0.95308,1.00,1.00
2017.01.31 22:09:20.714,0.95203,0.95312,1.00,1.00
2017.01.31 22:09:21.160,0.95214,0.95317,1.00,1.00
2017.01.31 22:09:21.211,0.95203,0.95317,1.00,1.00
2017.01.31 22:09:21.261,0.95202,0.95313,1.50,1.00
2017.01.31 22:09:21.710,0.95213,0.95313,1.00,1.00
2017.01.31 22:09:21.761,0.95213,0.95317,1.00,1.00
2017.01.31 22:09:22.460,0.95205,0.95312,1.00,1.00
2017.01.31 22:09:22.693,0.95203,0.95312,1.00,1.00
2017.01.31 22:09:23.756,0.95207,0.95333,1.00,1.37
2017.01.31 22:09:24.395,0.95207,0.95339,1.00,1.00
2017.01.31 22:09:26.542,0.95203,0.95337,1.00,1.37
2017.01.31 22:09:27.020,0.95203,0.95331,1.00,1.00
2017.01.31 22:09:28.460,0.95207,0.95331,1.00,1.00
2017.01.31 22:09:28.561,0.95207,0.95337,1.00,1.00
2017.01.31 22:09:28.661,0.95207,0.95328,1.00,1.00
2017.01.31 22:09:30.114,0.95203,0.95328,1.00,1.00
2017.01.31 22:09:30.165,0.95203,0.95322,1.00,1.00
2017.01.31 22:09:32.061,0.95202,0.95322,1.00,1.00
2017.01.31 22:09:32.491,0.95202,0.95316,1.00,1.00
2017.01.31 22:09:33.461,0.95207,0.95316,1.00,1.00
2017.01.31 22:09:34.461,0.95208,0.95316,1.00,1.00
2017.01.31 22:09:34.802,0.95208,0.95313,1.00,1.00
2017.01.31 22:09:34.890,0.95203,0.95313,1.00,1.00
2017.01.31 22:09:38.148,0.95208,0.95318,1.00,1.00
2017.01.31 22:09:38.243,0.95208,0.95322,1.00,1.00
2017.01.31 22:09:38.344,0.95208,0.95319,1.00,1.00
2017.01.31 22:09:51.161,0.95208,0.95317,1.00,1.00
2017.01.31 22:09:51.703,0.95208,0.95312,1.00,1.00
2017.01.31 22:09:53.292,0.95208,0.95314,1.00,1.00
2017.01.31 22:09:53.560,0.95207,0.95308,1.00,1.37
2017.01.31 22:09:56.528,0.95207,0.95308,1.00,1.37
2017.01.31 22:09:58.260,0.95208,0.95307,1.00,1.37
2017.01.31 22:09:58.840,0.95208,0.95307,1.00,1.00
2017.01.31 22:10:00.835,0.95213,0.95312,1.00,1.00
2017.01.31 22:10:01.279,0.95208,0.95307,1.00,1.00
2017.01.31 22:10:06.842,0.95212,0.95313,1.00,1.00
2017.01.31 22:10:10.392,0.95218,0.95315,1.00,1.00
2017.01.31 22:10:13.318,0.95218,0.95315,1.00,1.37
2017.01.31 22:10:13.801,0.95218,0.95308,1.00,1.00
2017.01.31 22:10:25.311,0.95218,0.95307,1.00,1.00
2017.01.31 22:10:25.361,0.95213,0.95307,1.00,1.87
2017.01.31 22:10:25.517,0.95208,0.95307,1.00,1.87
2017.01.31 22:10:28.313,0.95208,0.95307,1.00,1.37
2017.01.31 22:10:31.494,0.95208,0.95307,1.00,1.87
2017.01.31 22:10:39.759,0.95208,0.95302,1.00,1.37
2017.01.31 22:10:40.450,0.95208,0.95299,1.00,1.00
2017.01.31 22:10:41.109,0.95208,0.95301,1.00,1.37
2017.01.31 22:10:42.714,0.95208,0.95301,1.00,1.37
2017.01.31 22:10:45.714,0.95208,0.95302,1.00,1.37
2017.01.31 22:10:49.714,0.95208,0.95302,1.00,1.37
2017.01.31 22:10:51.514,0.95208,0.95287,1.00,1.00
2017.01.31 22:10:54.149,0.95213,0.95297,1.00,1.00
2017.01.31 22:11:01.361,0.95212,0.95313,1.00,1.00
2017.01.31 22:11:08.261,0.95212,0.95308,1.00,1.00
2017.01.31 22:11:12.631,0.95218,0.95317,1.00,1.37
2017.01.31 22:11:13.120,0.95218,0.95302,1.00,1.00
2017.01.31 22:11:17.561,0.95212,0.95303,1.00,1.00
2017.01.31 22:11:17.662,0.95212,0.95308,1.00,1.00
2017.01.31 22:11:17.762,0.95222,0.95324,1.00,1.00
2017.01.31 22:11:17.813,0.95222,0.95328,1.00,1.00
2017.01.31 22:11:17.911,0.95222,0.95326,1.00,1.00
2017.01.31 22:11:18.785,0.95222,0.95325,1.00,1.00
2017.01.31 22:11:19.749,0.95222,0.95324,1.00,1.00
2017.01.31 22:11:20.684,0.95222,0.95322,1.00,1.00
2017.01.31 22:11:21.061,0.95212,0.95322,1.00,1.00
2017.01.31 22:11:21.113,0.95222,0.95322,1.00,1.00
2017.01.31 22:11:22.514,0.95228,0.95322,1.00,1.00
2017.01.31 22:11:22.618,0.95228,0.95324,1.00,1.00
2017.01.31 22:11:22.773,0.95228,0.95322,1.00,1.00
2017.01.31 22:11:26.314,0.95227,0.95322,1.00,1.00
2017.01.31 22:11:26.415,0.95227,0.95325,1.00,1.00
2017.01.31 22:11:27.260,0.95228,0.95317,1.00,1.00
2017.01.31 22:11:27.856,0.95228,0.95316,1.00,1.00
2017.01.31 22:11:29.765,0.95228,0.95317,1.00,1.50
2017.01.31 22:11:30.220,0.95233,0.95322,1.00,1.00
2017.01.31 22:11:32.370,0.95233,0.95318,1.00,1.00
2017.01.31 22:11:33.190,0.95233,0.95317,1.00,1.00
2017.01.31 22:11:34.434,0.95223,0.95312,1.37,1.00
2017.01.31 22:11:34.535,0.95228,0.95317,1.12,1.00
2017.01.31 22:11:35.552,0.95222,0.95318,1.37,1.00
2017.01.31 22:11:35.732,0.95222,0.95318,1.37,1.00
2017.01.31 22:11:41.213,0.95222,0.95318,1.37,1.00
2017.01.31 22:11:41.760,0.95228,0.95312,1.00,1.00
2017.01.31 22:11:42.559,0.95228,0.95307,1.00,1.37
2017.01.31 22:11:50.219,0.95228,0.95305,1.00,1.37
2017.01.31 22:11:50.814,0.95227,0.95293,1.00,1.00
2017.01.31 22:11:56.961,0.95228,0.95305,1.00,1.50
2017.01.31 22:11:57.012,0.95228,0.95311,1.00,1.00
2017.01.31 22:11:57.062,0.95237,0.95313,1.00,1.00
2017.01.31 22:11:57.773,0.95237,0.95314,1.00,1.00
2017.01.31 22:11:58.110,0.95237,0.95311,1.00,1.00
2017.01.31 22:12:00.111,0.95237,0.95317,1.00,1.00
2017.01.31 22:12:00.229,0.95237,0.95323,1.00,1.37
2017.01.31 22:12:00.329,0.95232,0.95318,1.00,1.00
2017.01.31 22:12:41.076,0.95237,0.95313,1.00,1.37
2017.01.31 22:12:42.293,0.95237,0.95313,1.00,1.00
2017.01.31 22:12:44.961,0.95238,0.95312,1.00,1.00
2017.01.31 22:12:45.112,0.95238,0.95312,1.00,1.37
2017.01.31 22:12:48.089,0.95238,0.95312,1.00,1.37
2017.01.31 22:12:53.361,0.95238,0.95307,1.00,1.00
2017.01.31 22:12:59.261,0.95238,0.95312,1.00,1.00
2017.01.31 22:13:00.103,0.95233,0.95307,1.00,1.00
2017.01.31 22:13:04.061,0.95242,0.95318,1.00,1.00
2017.01.31 22:13:04.918,0.95233,0.95307,1.00,1.00
2017.01.31 22:13:16.264,0.95235,0.95307,1.00,1.00
2017.01.31 22:13:20.051,0.95234,0.95307,1.00,1.00
2017.01.31 22:13:20.589,0.95235,0.95307,1.00,1.00
2017.01.31 22:13:21.490,0.95234,0.95307,1.00,1.00
2017.01.31 22:13:22.027,0.95235,0.95307,1.00,1.00
2017.01.31 22:13:25.711,0.95234,0.95307,1.00,1.00
2017.01.31 22:13:26.392,0.95235,0.95307,1.00,1.00
2017.01.31 22:13:27.129,0.95243,0.95307,1.60,1.00
2017.01.31 22:13:27.711,0.95247,0.95307,1.00,1.00
2017.01.31 22:13:29.308,0.95246,0.95307,1.00,1.00
2017.01.31 22:13:30.022,0.95247,0.95307,1.00,1.00
2017.01.31 22:13:36.346,0.95246,0.95307,1.00,1.00
2017.01.31 22:13:36.954,0.95247,0.95307,1.00,1.00
2017.01.31 22:13:37.061,0.95252,0.95318,1.00,1.00
2017.01.31 22:13:38.460,0.95258,0.95317,1.00,1.00
2017.01.31 22:13:38.617,0.95258,0.95332,1.00,1.00
2017.01.31 22:13:39.461,0.95257,0.95338,1.00,1.37
2017.01.31 22:13:41.210,0.95257,0.95338,1.00,1.00
2017.01.31 22:13:41.861,0.95253,0.95332,1.00,1.00
2017.01.31 22:13:42.214,0.95262,0.95343,1.00,1.00
2017.01.31 22:13:44.554,0.95253,0.95332,1.00,1.00
2017.01.31 22:13:53.738,0.95268,0.95337,1.00,1.00
2017.01.31 22:13:54.223,0.95263,0.95332,1.00,1.00
2017.01.31 22:13:55.593,0.95268,0.95337,1.00,1.00
2017.01.31 22:13:57.159,0.95277,0.95338,1.00,1.00
2017.01.31 22:14:03.360,0.95273,0.95337,1.00,1.00
2017.01.31 22:14:08.460,0.95263,0.95327,1.00,1.00
2017.01.31 22:14:08.561,0.95243,0.95337,1.00,1.00
2017.01.31 22:14:08.661,0.95243,0.95334,1.00,1.00
2017.01.31 22:14:08.925,0.95227,0.95331,1.00,1.00
2017.01.31 22:14:09.000,0.95227,0.95326,1.00,1.00
2017.01.31 22:14:10.054,0.95227,0.95333,1.00,1.00
2017.01.31 22:14:11.027,0.95227,0.95326,1.00,1.00
2017.01.31 22:14:14.314,0.95233,0.95326,1.00,1.00
2017.01.31 22:14:14.374,0.95233,0.95332,1.00,1.00
2017.01.31 22:14:14.591,0.95233,0.95326,1.00,1.00
2017.01.31 22:14:15.214,0.95228,0.95326,1.00,1.00
2017.01.31 22:14:15.275,0.95228,0.95332,1.00,1.00
2017.01.31 22:14:16.244,0.95227,0.95328,1.00,1.00
2017.01.31 22:14:18.836,0.95227,0.95325,1.00,1.00
2017.01.31 22:14:19.221,0.95232,0.95325,1.00,1.00
2017.01.31 22:14:19.832,0.95232,0.95327,1.00,1.37
2017.01.31 22:14:20.163,0.95233,0.95318,1.00,1.00
2017.01.31 22:14:22.193,0.95233,0.95318,1.00,1.37
2017.01.31 22:14:22.803,0.95233,0.95316,1.00,1.00
2017.01.31 22:14:25.165,0.95233,0.95316,1.00,1.37
2017.01.31 22:14:28.461,0.95243,0.95319,1.00,1.37
2017.01.31 22:14:31.205,0.95243,0.95322,1.00,1.00
2017.01.31 22:15:00.326,0.95253,0.95322,1.00,1.00
2017.01.31 22:15:00.816,0.95248,0.95322,1.00,1.00
2017.01.31 22:15:01.860,0.95248,0.95317,1.00,1.00
2017.01.31 22:15:01.960,0.95243,0.95317,1.00,1.50
2017.01.31 22:15:02.011,0.95243,0.95314,1.00,1.00
2017.01.31 22:15:02.523,0.95238,0.95309,1.00,1.00
2017.01.31 22:15:02.859,0.95233,0.95306,1.00,1.00
2017.01.31 22:15:02.963,0.95233,0.95303,1.00,1.00
2017.01.31 22:15:08.660,0.95228,0.95302,1.00,1.00
2017.01.31 22:15:09.260,0.95228,0.95305,1.00,1.37
2017.01.31 22:15:09.361,0.95222,0.95303,1.00,1.00
2017.01.31 22:15:09.411,0.95222,0.95297,1.00,1.00
2017.01.31 22:15:09.678,0.95223,0.95307,1.00,1.37
2017.01.31 22:15:11.913,0.95223,0.95307,1.00,1.00
2017.01.31 22:15:14.034,0.95232,0.95318,1.00,1.00
2017.01.31 22:15:19.114,0.95228,0.95312,1.00,1.00
2017.01.31 22:15:21.462,0.95227,0.95303,1.00,1.00
2017.01.31 22:15:21.742,0.95223,0.95303,1.00,1.00
2017.01.31 22:15:21.852,0.95223,0.95299,1.00,1.00
2017.01.31 22:15:21.903,0.95223,0.95301,1.00,1.00
2017.01.31 22:15:22.579,0.95223,0.95301,1.00,1.37
2017.01.31 22:15:25.579,0.95223,0.95302,1.00,1.37
2017.01.31 22:15:28.579,0.95223,0.95302,1.00,1.37
2017.01.31 22:15:31.580,0.95223,0.95298,1.00,1.37
2017.01.31 22:15:34.715,0.95223,0.95298,1.00,1.37
2017.01.31 22:15:34.822,0.95223,0.95295,1.00,1.00
2017.01.31 22:15:34.915,0.95223,0.95297,1.00,1.12
2017.01.31 22:15:40.466,0.95223,0.95295,1.00,1.00
2017.01.31 22:15:41.739,0.95223,0.95296,1.00,1.12
2017.01.31 22:15:44.810,0.95223,0.95297,1.00,1.00
2017.01.31 22:15:50.681,0.95223,0.95296,1.00,1.00
2017.01.31 22:15:51.514,0.95223,0.95297,1.00,1.00
2017.01.31 22:15:55.048,0.95217,0.95293,1.00,1.00
2017.01.31 22:16:06.742,0.95222,0.95288,1.00,1.00
2017.01.31 22:16:23.822,0.95213,0.95282,1.00,1.00
2017.01.31 22:16:23.925,0.95197,0.95283,1.00,1.00
2017.01.31 22:16:25.253,0.95203,0.95282,1.00,1.00
2017.01.31 22:16:25.563,0.95203,0.95276,1.00,1.00
2017.01.31 22:16:26.211,0.95203,0.95268,1.00,1.00
2017.01.31 22:16:26.261,0.95197,0.95268,1.00,1.00
2017.01.31 22:16:29.845,0.95197,0.95267,1.00,1.00
2017.01.31 22:16:30.890,0.95197,0.95268,1.00,1.12
2017.01.31 22:16:32.411,0.95197,0.95261,1.00,2.10
2017.01.31 22:16:32.462,0.95173,0.95247,1.00,1.35
2017.01.31 22:16:32.513,0.95168,0.95235,1.00,1.00
2017.01.31 22:16:32.563,0.95173,0.95235,1.00,1.00
2017.01.31 22:16:32.913,0.95173,0.95221,1.00,1.00
2017.01.31 22:16:33.967,0.95173,0.9522,1.00,1.00
2017.01.31 22:16:34.050,0.95173,0.95227,1.00,1.00
2017.01.31 22:16:34.150,0.95173,0.95239,1.00,1.37
2017.01.31 22:16:34.443,0.95172,0.9525,1.00,1.00
2017.01.31 22:16:36.594,0.95172,0.95251,1.00,1.00
2017.01.31 22:16:37.411,0.95172,0.95252,1.00,1.00
2017.01.31 22:16:37.462,0.95162,0.95252,1.00,1.00
2017.01.31 22:16:37.512,0.95162,0.95247,1.00,1.00
2017.01.31 22:16:37.664,0.95157,0.95244,1.00,1.00
2017.01.31 22:16:37.769,0.95157,0.95238,1.00,1.00
2017.01.31 22:16:38.489,0.95157,0.95237,1.00,1.00
2017.01.31 22:16:38.964,0.95157,0.95239,1.00,1.00
2017.01.31 22:16:40.946,0.95163,0.95237,1.00,1.00
2017.01.31 22:16:41.556,0.95163,0.95228,1.00,1.00
2017.01.31 22:16:42.213,0.95163,0.95227,1.00,1.00
2017.01.31 22:16:43.326,0.95163,0.95225,1.00,1.00
2017.01.31 22:16:44.010,0.95163,0.95214,1.00,2.10
2017.01.31 22:16:44.082,0.95138,0.95187,1.00,1.00
2017.01.31 22:16:44.183,0.95132,0.95185,1.00,1.00
2017.01.31 22:16:44.284,0.95122,0.95187,1.00,1.00
2017.01.31 22:16:44.334,0.95122,0.9518,1.00,1.00
2017.01.31 22:16:44.385,0.95122,0.95184,1.00,1.00
2017.01.31 22:16:44.435,0.95128,0.95188,1.00,1.00
2017.01.31 22:16:45.377,0.95128,0.95187,1.00,1.00
2017.01.31 22:16:45.427,0.95128,0.9519,1.00,1.00
2017.01.31 22:16:45.478,0.95128,0.95188,1.00,1.00
2017.01.31 22:16:46.700,0.95128,0.9519,1.00,1.00
2017.01.31 22:16:47.266,0.95128,0.95191,1.00,1.00
2017.01.31 22:16:47.545,0.95122,0.95191,1.00,1.00
2017.01.31 22:16:47.658,0.95122,0.95186,1.00,1.00
2017.01.31 22:16:49.213,0.95122,0.95181,1.00,1.00
2017.01.31 22:16:49.898,0.95122,0.9518,1.00,1.00
2017.01.31 22:16:54.240,0.95127,0.9518,1.00,1.00
2017.01.31 22:16:56.024,0.95122,0.95183,1.00,1.00
2017.01.31 22:16:56.115,0.95118,0.95181,1.00,1.00
2017.01.31 22:16:56.361,0.95122,0.95182,1.00,1.12
2017.01.31 22:16:56.667,0.95127,0.95203,1.00,1.75
2017.01.31 22:16:56.717,0.95123,0.95197,1.50,1.75
2017.01.31 22:16:57.408,0.95123,0.95197,1.50,1.00
2017.01.31 22:16:57.760,0.95126,0.95198,1.00,1.60
2017.01.31 22:16:57.810,0.95122,0.95194,1.00,1.00
2017.01.31 22:16:57.974,0.95124,0.95197,1.00,1.35
2017.01.31 22:16:58.482,0.95125,0.95197,1.00,1.35
2017.01.31 22:17:00.125,0.95122,0.95208,1.00,1.37
2017.01.31 22:17:00.176,0.95124,0.95208,1.00,1.37
2017.01.31 22:17:00.632,0.95126,0.95193,1.00,1.00
2017.01.31 22:17:01.373,0.95125,0.95193,1.00,1.00
2017.01.31 22:17:02.040,0.95126,0.95193,1.00,1.00
2017.01.31 22:17:02.754,0.95125,0.95194,1.00,1.00
2017.01.31 22:17:03.478,0.95124,0.95194,1.00,1.00
2017.01.31 22:17:05.508,0.95128,0.95195,1.00,1.00
2017.01.31 22:17:06.076,0.95128,0.95194,1.00,1.00
2017.01.31 22:17:06.611,0.95128,0.95202,1.00,1.87
2017.01.31 22:17:07.161,0.95133,0.9521,1.00,1.00
2017.01.31 22:17:07.262,0.95131,0.95212,1.00,1.00
2017.01.31 22:17:07.312,0.9513,0.9521,1.00,1.00
2017.01.31 22:17:07.515,0.95132,0.95213,1.00,1.00
2017.01.31 22:17:07.604,0.95132,0.95223,1.00,1.00
2017.01.31 22:17:13.914,0.95137,0.95223,1.00,1.00
2017.01.31 22:17:14.920,0.95133,0.95235,1.00,1.37
2017.01.31 22:17:15.056,0.95138,0.9524,1.00,1.37
2017.01.31 22:17:15.156,0.95132,0.95241,1.00,1.37
2017.01.31 22:17:15.662,0.95133,0.95242,1.00,1.37
2017.01.31 22:17:16.354,0.95132,0.95242,1.00,1.37
2017.01.31 22:17:16.878,0.95132,0.95242,1.00,1.00
2017.01.31 22:17:16.928,0.95137,0.95242,1.00,1.00
2017.01.31 22:17:17.675,0.95138,0.95243,1.00,1.00
2017.01.31 22:17:18.614,0.95143,0.95242,1.00,1.00
2017.01.31 22:17:18.995,0.95146,0.95242,1.00,1.00
2017.01.31 22:17:19.603,0.95147,0.95242,1.00,1.00
2017.01.31 22:17:20.360,0.95148,0.95242,1.00,1.00
2017.01.31 22:17:20.795,0.95151,0.95242,1.00,1.00
2017.01.31 22:17:21.371,0.95152,0.95242,1.00,1.00
2017.01.31 22:17:21.965,0.95153,0.95242,1.00,1.00
2017.01.31 22:17:22.755,0.95149,0.95242,1.00,1.00
2017.01.31 22:17:23.286,0.95148,0.95242,1.50,1.00
2017.01.31 22:17:23.922,0.95151,0.95242,1.00,1.00
2017.01.31 22:17:24.073,0.95149,0.95242,1.00,1.00
2017.01.31 22:17:26.173,0.95151,0.95242,1.00,1.00
2017.01.31 22:17:26.529,0.95142,0.95243,1.00,1.00
2017.01.31 22:17:40.014,0.95143,0.95242,1.00,1.00
2017.01.31 22:17:41.461,0.95143,0.95237,1.00,1.00
2017.01.31 22:17:41.818,0.95143,0.95233,1.00,1.00
2017.01.31 22:17:42.804,0.95143,0.95233,1.00,1.37
2017.01.31 22:17:44.411,0.95143,0.95229,1.00,1.00
2017.01.31 22:17:44.738,0.95132,0.95223,1.00,1.00
2017.01.31 22:17:45.168,0.95132,0.95223,1.00,1.37
2017.01.31 22:17:47.572,0.95132,0.95217,1.00,1.00
2017.01.31 22:17:48.164,0.95132,0.95217,1.00,1.37
2017.01.31 22:17:49.662,0.95132,0.95228,1.00,1.00
2017.01.31 22:17:52.619,0.95132,0.95228,1.00,1.37
2017.01.31 22:17:54.528,0.95133,0.95217,1.00,1.00
2017.01.31 22:17:55.109,0.95133,0.95216,1.00,1.00
2017.01.31 22:17:55.441,0.95133,0.95216,1.00,1.37
2017.01.31 22:18:01.760,0.95132,0.95217,1.00,1.50
2017.01.31 22:18:04.425,0.95133,0.95218,1.00,1.75
2017.01.31 22:18:04.568,0.95133,0.95218,1.00,1.37
2017.01.31 22:18:05.111,0.95134,0.95218,1.00,1.37
2017.01.31 22:18:06.215,0.95133,0.95218,1.00,1.37
2017.01.31 22:18:19.120,0.95133,0.95218,1.00,1.87
2017.01.31 22:18:22.341,0.95133,0.95218,1.00,1.50
2017.01.31 22:18:25.340,0.95133,0.95218,1.00,1.87
2017.01.31 22:18:28.514,0.95133,0.95218,1.00,1.87
2017.01.31 22:18:30.121,0.95132,0.95218,1.00,1.37
2017.01.31 22:18:30.731,0.95132,0.95216,1.00,1.00
2017.01.31 22:18:32.359,0.95132,0.95217,1.50,1.37
2017.01.31 22:18:34.854,0.95138,0.95217,1.00,1.37
2017.01.31 22:18:42.142,0.95138,0.95218,1.00,1.75
2017.01.31 22:18:43.766,0.95142,0.95224,1.00,1.75
2017.01.31 22:18:45.214,0.95142,0.95224,1.00,1.75
2017.01.31 22:18:48.516,0.95142,0.95222,1.00,1.75
2017.01.31 22:18:51.514,0.95142,0.95235,1.00,1.75
2017.01.31 22:19:01.262,0.95148,0.95222,1.00,1.00
2017.01.31 22:19:07.761,0.95147,0.9523,1.00,1.00
2017.01.31 22:19:07.861,0.95147,0.95232,1.00,1.00
2017.01.31 22:19:12.514,0.95147,0.95233,1.00,1.00
2017.01.31 22:19:15.677,0.95147,0.95235,1.00,1.00
2017.01.31 22:19:20.819,0.95147,0.95234,1.00,1.00
2017.01.31 22:19:38.760,0.95147,0.95232,1.00,1.75
2017.01.31 22:19:41.100,0.95147,0.95234,1.00,1.00
2017.01.31 22:19:42.514,0.95148,0.95234,1.00,1.00
2017.01.31 22:19:47.434,0.95138,0.95234,1.00,1.00
2017.01.31 22:19:47.542,0.95128,0.95233,1.00,1.00
2017.01.31 22:19:48.094,0.95128,0.95232,1.00,1.00
2017.01.31 22:19:54.111,0.95128,0.95233,1.00,1.00
2017.01.31 22:19:54.162,0.95123,0.95232,1.00,1.00
2017.01.31 22:19:54.259,0.95123,0.95228,1.00,1.00
2017.01.31 22:19:54.710,0.95123,0.9522,1.00,1.00
2017.01.31 22:19:54.927,0.95128,0.95227,1.00,1.00
2017.01.31 22:19:55.560,0.95138,0.95227,1.00,1.00
2017.01.31 22:19:55.893,0.95141,0.9523,1.00,1.00
2017.01.31 22:19:56.362,0.95146,0.95234,1.00,1.00
2017.01.31 22:20:00.266,0.95147,0.95234,1.00,1.00
2017.01.31 22:20:00.317,0.95143,0.95235,1.00,1.00
2017.01.31 22:20:01.268,0.95145,0.95234,1.00,1.00
2017.01.31 22:20:01.939,0.95163,0.95234,1.00,1.00
2017.01.31 22:20:02.260,0.95146,0.95235,1.00,1.00
2017.01.31 22:20:02.311,0.95137,0.95234,1.00,1.00
2017.01.31 22:20:02.361,0.95138,0.95229,1.00,1.00
2017.01.31 22:20:02.413,0.95138,0.95233,1.00,1.00
2017.01.31 22:20:02.514,0.95138,0.95228,1.00,1.00
2017.01.31 22:20:05.475,0.95137,0.95228,1.00,1.50
2017.01.31 22:20:11.159,0.95138,0.95222,1.00,1.00
2017.01.31 22:20:14.624,0.95138,0.95217,1.00,1.00
2017.01.31 22:20:15.847,0.95137,0.9522,1.00,1.00
2017.01.31 22:20:15.898,0.95137,0.95223,1.00,1.00
2017.01.31 22:20:17.159,0.95143,0.95227,1.00,1.00
2017.01.31 22:20:17.260,0.95142,0.95233,1.00,1.00
2017.01.31 22:20:18.325,0.95144,0.95233,1.00,1.00
2017.01.31 22:20:18.833,0.95143,0.95233,1.00,1.00
2017.01.31 22:20:20.059,0.95139,0.95233,1.00,1.00
2017.01.31 22:20:20.110,0.95137,0.95233,1.00,1.00
2017.01.31 22:20:20.845,0.95137,0.95232,1.00,1.00
2017.01.31 22:20:21.226,0.95133,0.95217,1.00,1.00
2017.01.31 22:20:21.712,0.95133,0.95217,1.00,2.25
2017.01.31 22:20:22.049,0.95138,0.95197,1.00,1.00
2017.01.31 22:20:23.132,0.95143,0.95202,1.00,1.00
2017.01.31 22:20:23.486,0.95152,0.95202,1.00,1.00
2017.01.31 22:20:24.196,0.95154,0.95202,1.00,1.00
2017.01.31 22:20:26.259,0.95135,0.95197,1.00,1.00
2017.01.31 22:20:26.310,0.95133,0.95197,1.00,1.00
2017.01.31 22:20:28.359,0.95133,0.95197,1.00,1.37
2017.01.31 22:20:31.360,0.95133,0.95197,1.00,1.00
2017.01.31 22:20:32.059,0.95133,0.95205,1.00,1.37
2017.01.31 22:20:32.374,0.95133,0.95227,1.00,1.00
2017.01.31 22:20:34.661,0.95133,0.95222,1.00,1.00
2017.01.31 22:20:36.937,0.95137,0.95223,1.00,1.00
2017.01.31 22:20:38.906,0.95137,0.95221,1.00,1.00
2017.01.31 22:20:42.150,0.95132,0.95218,1.00,1.00
2017.01.31 22:20:42.353,0.95132,0.95215,1.00,1.00
2017.01.31 22:20:44.376,0.95132,0.95215,1.00,1.37
2017.01.31 22:20:45.456,0.95132,0.95208,1.00,1.00
2017.01.31 22:20:49.896,0.95132,0.9521,1.00,1.00
2017.01.31 22:20:50.459,0.95133,0.9521,1.00,1.00
2017.01.31 22:20:50.510,0.95133,0.95212,1.00,1.00
2017.01.31 22:20:58.361,0.95115,0.95208,1.00,1.00
2017.01.31 22:20:58.412,0.95112,0.95208,1.00,1.00
2017.01.31 22:20:58.512,0.95113,0.95205,1.00,1.00
2017.01.31 22:20:58.990,0.95113,0.952,1.00,1.00
2017.01.31 22:21:00.134,0.95113,0.95203,1.00,1.50
2017.01.31 22:21:01.801,0.95113,0.95203,1.00,1.37
2017.01.31 22:21:02.609,0.95113,0.95187,1.00,2.10
2017.01.31 22:21:03.163,0.95113,0.95177,1.00,1.35
2017.01.31 22:21:09.084,0.95113,0.95176,1.00,2.10
2017.01.31 22:21:11.845,0.95113,0.95166,1.00,1.00
2017.01.31 22:21:14.357,0.95113,0.95164,1.00,1.00
2017.01.31 22:21:16.592,0.95113,0.95169,1.00,1.00
2017.01.31 22:21:17.410,0.95113,0.95166,1.00,1.00
2017.01.31 22:21:24.175,0.95113,0.95169,1.00,1.00
2017.01.31 22:21:24.226,0.95123,0.95185,1.00,1.00
2017.01.31 22:21:24.326,0.95123,0.95196,1.00,1.00
2017.01.31 22:21:24.415,0.95123,0.952,1.00,1.00
2017.01.31 22:21:24.959,0.95117,0.95198,1.00,1.00
2017.01.31 22:21:25.190,0.95118,0.95203,1.00,1.12
2017.01.31 22:21:25.959,0.95118,0.95204,1.00,1.00
2017.01.31 22:21:26.710,0.95118,0.95205,1.00,1.00
2017.01.31 22:21:28.210,0.95118,0.95211,1.00,1.00
2017.01.31 22:21:28.422,0.95118,0.95217,1.00,1.00
2017.01.31 22:21:28.659,0.95118,0.95212,1.00,1.75
2017.01.31 22:21:29.281,0.95112,0.95203,1.00,1.37
2017.01.31 22:21:29.382,0.95112,0.95188,1.00,1.00
2017.01.31 22:21:29.432,0.95112,0.95197,1.00,1.12
2017.01.31 22:21:30.422,0.95112,0.95195,1.00,1.00
2017.01.31 22:21:31.744,0.95108,0.95195,1.00,1.00
2017.01.31 22:21:31.844,0.95108,0.95213,1.00,1.75
2017.01.31 22:21:32.468,0.95108,0.95217,1.00,1.00
2017.01.31 22:21:33.757,0.95113,0.95216,1.00,1.00
2017.01.31 22:21:34.190,0.95113,0.95201,1.00,1.00
2017.01.31 22:21:34.747,0.95113,0.95202,1.00,1.00
2017.01.31 22:21:34.899,0.95113,0.95207,1.00,1.00
2017.01.31 22:21:36.259,0.95113,0.95203,1.00,1.00
2017.01.31 22:21:36.310,0.95113,0.95211,1.00,1.00
2017.01.31 22:21:36.776,0.95113,0.95203,1.00,1.00
2017.01.31 22:21:37.210,0.95113,0.95201,1.00,1.00
2017.01.31 22:21:37.311,0.95113,0.95209,1.00,1.12
2017.01.31 22:21:39.109,0.95113,0.95199,1.50,1.00
2017.01.31 22:21:40.410,0.95114,0.95203,1.00,1.12
2017.01.31 22:21:41.659,0.95133,0.95205,1.00,1.37
2017.01.31 22:21:41.760,0.95136,0.95212,1.00,1.00
2017.01.31 22:21:41.811,0.95128,0.95215,1.00,1.00
2017.01.31 22:21:41.891,0.9513,0.95217,1.00,1.00
2017.01.31 22:21:44.210,0.9513,0.9521,1.00,1.00
2017.01.31 22:21:46.019,0.95132,0.9521,1.00,1.00
2017.01.31 22:21:47.145,0.95132,0.95211,1.00,1.00
2017.01.31 22:21:47.196,0.95132,0.95213,1.00,1.00
2017.01.31 22:21:48.138,0.95132,0.9521,1.00,1.00
2017.01.31 22:21:49.183,0.95133,0.95212,1.00,1.00
2017.01.31 22:21:49.283,0.95132,0.9521,1.00,1.00
2017.01.31 22:21:50.380,0.95132,0.95216,1.00,1.12
2017.01.31 22:21:50.442,0.95132,0.9521,1.00,1.00
2017.01.31 22:21:50.822,0.95131,0.95207,1.00,1.00
2017.01.31 22:21:51.203,0.95128,0.95203,1.00,1.00
2017.01.31 22:21:51.709,0.95128,0.95202,1.00,1.00
2017.01.31 22:21:52.052,0.95133,0.95193,1.00,1.00
2017.01.31 22:21:52.447,0.95128,0.95191,1.00,1.00
2017.01.31 22:21:52.759,0.95126,0.95191,1.00,1.00
2017.01.31 22:21:52.810,0.9513,0.95189,1.00,1.00
2017.01.31 22:21:52.860,0.95127,0.95201,1.00,1.37
2017.01.31 22:21:52.911,0.95125,0.95202,1.00,1.37
2017.01.31 22:21:52.961,0.95127,0.95202,1.00,1.37
2017.01.31 22:21:53.012,0.95124,0.95202,1.00,1.37
2017.01.31 22:21:53.265,0.95132,0.95202,1.00,1.37
2017.01.31 22:21:53.865,0.95131,0.95202,1.00,1.37
2017.01.31 22:21:53.998,0.95131,0.95202,1.00,1.00
2017.01.31 22:21:55.736,0.95133,0.95202,1.00,1.00
2017.01.31 22:21:56.783,0.95131,0.95202,1.00,1.00
2017.01.31 22:21:57.544,0.9513,0.95202,1.00,1.00
2017.01.31 22:21:58.034,0.95133,0.95202,1.00,1.00
2017.01.31 22:21:58.610,0.95135,0.95202,1.00,1.00
2017.01.31 22:21:58.661,0.95138,0.95212,1.00,1.00
2017.01.31 22:22:01.460,0.95142,0.95234,1.00,1.00
2017.01.31 22:22:01.560,0.95142,0.95245,1.00,1.00
2017.01.31 22:22:01.611,0.95142,0.95247,1.00,1.00
2017.01.31 22:22:01.860,0.95134,0.95248,1.00,1.00
2017.01.31 22:22:01.911,0.95134,0.9525,1.00,1.00
2017.01.31 22:22:03.260,0.95137,0.9525,1.00,1.00
2017.01.31 22:22:04.440,0.95137,0.95245,1.00,1.00
2017.01.31 22:22:22.223,0.95142,0.95245,1.00,1.00
2017.01.31 22:22:40.424,0.95142,0.95241,1.00,1.00
2017.01.31 22:23:00.363,0.95142,0.9524,1.00,1.00
2017.01.31 22:23:04.559,0.95138,0.9524,1.00,1.00
2017.01.31 22:23:04.659,0.95138,0.95232,1.00,1.00
2017.01.31 22:23:09.961,0.95137,0.95232,1.00,1.00
2017.01.31 22:23:20.861,0.95144,0.95236,1.00,1.00
2017.01.31 22:23:20.911,0.95143,0.95239,1.00,1.00
2017.01.31 22:23:20.962,0.95138,0.95235,1.00,1.00
2017.01.31 22:23:21.062,0.95138,0.95233,1.00,1.00
2017.01.31 22:23:24.560,0.95152,0.95234,1.00,1.00
2017.01.31 22:23:24.661,0.95152,0.95237,1.00,1.00
2017.01.31 22:23:25.940,0.95153,0.95237,1.00,1.00
2017.01.31 22:23:27.160,0.95147,0.95238,1.00,1.00
2017.01.31 22:23:27.261,0.95137,0.95235,1.00,1.00
2017.01.31 22:23:30.700,0.95137,0.95234,1.00,1.00
2017.01.31 22:23:31.309,0.95137,0.95233,1.00,1.00
2017.01.31 22:23:34.798,0.95137,0.95231,1.00,1.00
2017.01.31 22:23:35.414,0.95143,0.95231,1.00,1.50
2017.01.31 22:23:35.539,0.95143,0.95233,1.00,1.00
2017.01.31 22:23:39.859,0.95153,0.95236,1.37,1.00
2017.01.31 22:23:40.010,0.95153,0.95238,1.37,1.00
2017.01.31 22:23:40.819,0.95153,0.95237,1.37,1.00
2017.01.31 22:23:42.410,0.95153,0.95235,1.37,1.00
2017.01.31 22:23:42.461,0.95153,0.95235,1.00,1.00
2017.01.31 22:23:42.562,0.95153,0.95233,1.00,1.00
2017.01.31 22:23:43.300,0.95153,0.95232,1.00,1.00
2017.01.31 22:23:46.217,0.95153,0.95231,1.00,1.00
2017.01.31 22:23:52.178,0.95153,0.95232,1.00,1.00
2017.01.31 22:23:55.559,0.95163,0.95238,1.00,1.00
2017.01.31 22:23:55.891,0.95163,0.95236,1.00,1.00
2017.01.31 22:23:56.423,0.95163,0.95234,1.00,1.00
2017.01.31 22:23:57.057,0.95163,0.95233,1.00,1.00
2017.01.31 22:23:57.871,0.95163,0.95234,1.00,1.00
2017.01.31 22:24:01.404,0.95163,0.95245,1.00,1.00
2017.01.31 22:24:01.605,0.95163,0.95241,1.00,1.00
2017.01.31 22:24:01.656,0.95134,0.95241,1.75,1.00
2017.01.31 22:24:01.808,0.95132,0.95236,1.75,1.00
2017.01.31 22:24:03.757,0.95134,0.95244,1.75,1.00
2017.01.31 22:24:04.527,0.95134,0.95244,1.37,1.00
2017.01.31 22:24:05.761,0.95132,0.95238,1.37,1.00
2017.01.31 22:24:05.812,0.95132,0.95238,1.00,1.00
2017.01.31 22:24:07.252,0.95129,0.95247,1.00,1.00
2017.01.31 22:24:08.660,0.95129,0.95208,1.00,1.00
2017.01.31 22:24:09.054,0.95117,0.95194,1.00,1.00
2017.01.31 22:24:09.617,0.95117,0.952,1.00,1.00
2017.01.31 22:24:10.336,0.95119,0.95198,1.00,1.00
2017.01.31 22:24:14.111,0.95117,0.95198,1.00,1.00
2017.01.31 22:24:14.161,0.95114,0.95192,1.00,1.00
2017.01.31 22:24:14.946,0.95115,0.95194,1.00,1.00
2017.01.31 22:24:16.170,0.95117,0.95194,1.00,1.00
2017.01.31 22:24:17.011,0.95119,0.95193,1.00,1.00
2017.01.31 22:24:18.623,0.95118,0.95192,1.00,1.00
2017.01.31 22:24:18.673,0.95116,0.95192,1.00,1.00
2017.01.31 22:24:22.109,0.95119,0.95193,1.00,1.00
2017.01.31 22:24:28.861,0.95111,0.95193,1.00,1.00
2017.01.31 22:24:28.912,0.95115,0.95189,1.00,1.00
2017.01.31 22:24:28.963,0.95107,0.95191,1.00,1.00
2017.01.31 22:24:29.916,0.95107,0.95192,1.00,1.00
2017.01.31 22:24:31.273,0.95107,0.95191,1.00,1.00
2017.01.31 22:24:31.479,0.95113,0.95186,1.00,1.00
2017.01.31 22:24:33.653,0.95112,0.95188,1.00,1.00
2017.01.31 22:24:35.510,0.95108,0.95195,1.00,1.00
2017.01.31 22:24:35.651,0.9511,0.95202,1.00,1.00
2017.01.31 22:24:36.147,0.95111,0.95204,1.00,2.25
2017.01.31 22:24:36.241,0.95115,0.95203,1.00,1.00
2017.01.31 22:24:37.078,0.95116,0.95203,1.00,1.00
2017.01.31 22:24:37.481,0.95116,0.95193,1.00,1.00
2017.01.31 22:24:38.357,0.95112,0.95193,1.00,1.00
2017.01.31 22:24:38.447,0.95108,0.95193,1.00,1.00
2017.01.31 22:24:38.498,0.95102,0.95193,1.00,1.50
2017.01.31 22:24:38.548,0.95101,0.95187,1.00,1.00
2017.01.31 22:24:38.599,0.95083,0.95187,1.87,1.00
2017.01.31 22:24:38.649,0.95094,0.95187,1.00,1.00
2017.01.31 22:24:38.701,0.95088,0.95187,1.00,1.00
2017.01.31 22:24:38.809,0.95094,0.95187,1.00,1.00
2017.01.31 22:24:41.859,0.95091,0.95187,1.00,1.00
2017.01.31 22:24:41.911,0.95086,0.95187,1.00,1.00
2017.01.31 22:24:42.012,0.95086,0.95183,1.00,1.00
2017.01.31 22:24:42.625,0.95085,0.95183,1.00,1.00
2017.01.31 22:24:42.959,0.95084,0.9518,1.00,1.50
2017.01.31 22:24:43.336,0.95087,0.9518,1.00,1.00
2017.01.31 22:24:43.638,0.95094,0.95181,1.00,1.00
2017.01.31 22:24:44.545,0.95095,0.95184,1.00,1.00
2017.01.31 22:24:45.456,0.9509,0.95188,1.00,1.00
2017.01.31 22:24:45.506,0.95096,0.9519,1.00,1.00
2017.01.31 22:24:45.557,0.95097,0.95192,1.00,1.00
2017.01.31 22:24:47.572,0.95098,0.95192,1.00,1.00
2017.01.31 22:24:49.093,0.95097,0.95192,1.00,1.00
2017.01.31 22:24:50.611,0.95095,0.95186,1.00,1.00
2017.01.31 22:24:51.153,0.95088,0.95185,1.00,1.00
2017.01.31 22:24:51.252,0.95078,0.95184,1.12,1.00
2017.01.31 22:24:51.353,0.95081,0.9518,1.00,1.00
2017.01.31 22:24:51.410,0.95062,0.9518,1.75,1.00
2017.01.31 22:24:51.514,0.95058,0.95178,1.75,1.00
2017.01.31 22:24:51.615,0.95058,0.95178,1.00,1.00
2017.01.31 22:24:54.360,0.95072,0.9518,1.37,1.00
2017.01.31 22:24:54.511,0.95073,0.95188,1.37,1.50
2017.01.31 22:24:54.561,0.95066,0.95184,1.50,1.00
2017.01.31 22:24:54.907,0.95062,0.95177,1.75,1.00
2017.01.31 22:24:55.655,0.95062,0.95177,1.00,1.00
2017.01.31 22:24:55.918,0.95064,0.95177,1.00,1.00
2017.01.31 22:24:56.468,0.95063,0.95177,1.00,1.00
2017.01.31 22:24:56.930,0.95073,0.95177,1.50,1.00
2017.01.31 22:24:57.109,0.95073,0.95184,1.50,1.00
2017.01.31 22:24:58.644,0.95073,0.95183,1.50,1.00
2017.01.31 22:25:00.460,0.95083,0.95183,1.37,1.00
2017.01.31 22:25:00.611,0.95084,0.95186,1.37,1.00
2017.01.31 22:25:00.672,0.95084,0.95188,1.37,1.50
2017.01.31 22:25:01.092,0.95084,0.95182,1.37,1.00
2017.01.31 22:25:01.523,0.95088,0.95183,1.00,1.00
2017.01.31 22:25:03.260,0.95088,0.95182,1.00,1.00
2017.01.31 22:25:04.250,0.95087,0.95182,1.00,1.00
2017.01.31 22:25:04.860,0.9509,0.95182,1.00,1.00
2017.01.31 22:25:07.662,0.95093,0.95179,1.00,1.00
2017.01.31 22:25:08.162,0.95095,0.95181,1.00,1.00
2017.01.31 22:25:08.482,0.95094,0.9518,1.37,1.00
2017.01.31 22:25:10.779,0.95101,0.9518,1.00,1.00
2017.01.31 22:25:14.043,0.95102,0.95181,1.00,1.00
2017.01.31 22:25:17.354,0.95102,0.95183,1.00,1.00
2017.01.31 22:25:19.938,0.95101,0.95182,1.00,1.00
2017.01.31 22:25:23.671,0.95106,0.95182,1.00,1.00
2017.01.31 22:25:39.812,0.95106,0.95186,1.00,1.00
2017.01.31 22:25:43.928,0.95107,0.95189,1.00,1.00
2017.01.31 22:25:44.182,0.95105,0.95183,1.00,1.00
2017.01.31 22:25:44.867,0.95104,0.95182,1.00,1.00
2017.01.31 22:25:45.238,0.95107,0.95187,1.00,1.00
2017.01.31 22:25:45.289,0.95107,0.95189,1.00,1.00
2017.01.31 22:25:45.340,0.9511,0.95194,1.00,1.00
2017.01.31 22:25:45.442,0.95117,0.95196,1.00,1.00
2017.01.31 22:25:45.858,0.95121,0.95195,1.00,1.00
2017.01.31 22:25:46.458,0.9512,0.95195,1.00,1.00
2017.01.31 22:25:46.677,0.9512,0.95203,1.00,1.00
2017.01.31 22:25:48.805,0.95121,0.952,1.00,1.00
2017.01.31 22:25:51.913,0.95122,0.95201,1.00,1.00
2017.01.31 22:25:52.853,0.95116,0.952,1.00,1.00
2017.01.31 22:26:00.109,0.95123,0.95202,1.00,1.00
2017.01.31 22:26:01.259,0.95132,0.95202,1.00,1.00
2017.01.31 22:26:17.316,0.95132,0.95203,1.00,1.00
2017.01.31 22:26:25.260,0.95132,0.95195,1.00,1.00
2017.01.31 22:26:26.561,0.95133,0.95195,1.00,1.00
2017.01.31 22:26:26.662,0.95128,0.95192,1.00,1.00
2017.01.31 22:26:26.713,0.95128,0.9519,1.00,1.00
2017.01.31 22:26:29.262,0.95127,0.9519,1.00,1.00
2017.01.31 22:26:42.164,0.95127,0.95191,1.00,1.00
2017.01.31 22:26:45.061,0.95133,0.95191,1.00,1.00
2017.01.31 22:26:45.234,0.95133,0.95196,1.00,1.00
2017.01.31 22:26:48.345,0.95133,0.95195,1.00,1.00
2017.01.31 22:27:01.656,0.95133,0.95196,1.00,1.00
2017.01.31 22:27:14.661,0.95133,0.952,1.00,1.00
2017.01.31 22:27:14.907,0.95133,0.95198,1.00,1.00
2017.01.31 22:27:15.008,0.95133,0.95201,1.00,1.00
2017.01.31 22:27:20.375,0.95133,0.95199,1.00,1.00
2017.01.31 22:27:29.577,0.95133,0.95202,1.00,1.50
2017.01.31 22:27:31.191,0.95133,0.95201,1.00,1.00
2017.01.31 22:27:33.514,0.95133,0.952,1.00,1.00
2017.01.31 22:27:45.516,0.95137,0.95198,1.00,1.00
2017.01.31 22:27:53.369,0.95142,0.95203,1.00,1.00
2017.01.31 22:27:57.034,0.95133,0.95183,1.00,1.00
2017.01.31 22:27:57.263,0.95108,0.95184,1.12,1.37
2017.01.31 22:27:57.364,0.95098,0.95178,1.75,1.00
2017.01.31 22:27:57.415,0.95098,0.9518,1.75,1.00
2017.01.31 22:27:57.707,0.95098,0.95188,1.75,1.37
2017.01.31 22:27:58.088,0.95098,0.95195,1.00,1.37
2017.01.31 22:27:59.862,0.95098,0.95184,1.00,1.00
2017.01.31 22:28:00.284,0.95098,0.9518,1.00,1.00
2017.01.31 22:28:01.227,0.95098,0.95181,1.00,1.00
2017.01.31 22:28:03.329,0.95097,0.95179,1.00,1.00
2017.01.31 22:28:03.380,0.95097,0.95189,1.00,1.00
2017.01.31 22:28:03.531,0.95097,0.95193,1.00,1.00
2017.01.31 22:28:04.526,0.95103,0.95197,1.00,1.00
2017.01.31 22:28:06.261,0.95112,0.95198,1.00,1.00
2017.01.31 22:28:08.413,0.95112,0.95195,1.00,1.00
2017.01.31 22:28:08.916,0.95112,0.95196,1.00,1.37
2017.01.31 22:28:12.417,0.95112,0.95191,1.00,1.00
2017.01.31 22:28:13.141,0.95112,0.95194,1.00,1.12
2017.01.31 22:28:13.973,0.95112,0.9519,1.00,1.00
2017.01.31 22:28:14.579,0.95112,0.95189,1.00,1.00
2017.01.31 22:28:15.189,0.95112,0.95188,1.00,1.00
2017.01.31 22:28:16.375,0.95112,0.95186,1.00,1.00
2017.01.31 22:28:17.312,0.95112,0.95185,1.00,1.00
2017.01.31 22:28:17.830,0.95113,0.9518,1.00,1.00
2017.01.31 22:28:20.851,0.95113,0.95179,1.00,1.00
2017.01.31 22:28:22.299,0.95113,0.9518,1.00,1.00
2017.01.31 22:28:24.962,0.95117,0.95175,1.00,1.37
2017.01.31 22:28:25.753,0.95117,0.95168,1.00,1.00
2017.01.31 22:28:28.009,0.95117,0.95168,1.00,1.37
2017.01.31 22:28:28.788,0.95117,0.95168,1.00,1.37
2017.01.31 22:28:30.162,0.95118,0.95172,1.00,1.75
2017.01.31 22:28:30.695,0.95118,0.95187,1.00,1.37
2017.01.31 22:28:33.695,0.95118,0.95197,1.00,1.12
2017.01.31 22:28:36.695,0.95118,0.95197,1.00,1.37
2017.01.31 22:28:40.062,0.95118,0.95192,1.00,1.75
2017.01.31 22:28:46.018,0.95118,0.95184,1.00,1.37
2017.01.31 22:28:49.763,0.95118,0.95177,1.00,1.00
2017.01.31 22:28:50.565,0.95123,0.95182,1.00,1.37
2017.01.31 22:28:56.163,0.95123,0.95182,1.00,1.37
2017.01.31 22:29:00.948,0.95123,0.95182,1.00,1.37
2017.01.31 22:29:04.326,0.95123,0.95182,1.00,1.37
2017.01.31 22:29:07.323,0.95123,0.95182,1.00,1.37
2017.01.31 22:29:10.292,0.95123,0.95182,1.00,1.37
2017.01.31 22:29:14.925,0.95123,0.95182,1.00,1.37
2017.01.31 22:29:17.267,0.95123,0.95192,1.00,1.00
2017.01.31 22:29:17.318,0.95123,0.95197,1.00,1.00
2017.01.31 22:29:19.121,0.95122,0.95198,1.00,1.00
2017.01.31 22:29:20.217,0.95122,0.95198,1.00,1.37
2017.01.31 22:29:43.344,0.95122,0.95198,1.00,1.37
2017.01.31 22:29:46.342,0.95122,0.95198,1.00,1.37
2017.01.31 22:29:56.409,0.95122,0.95198,1.00,1.37
2017.01.31 22:30:00.059,0.95122,0.95193,1.00,1.00
2017.01.31 22:30:07.728,0.95122,0.95194,1.00,1.00
2017.01.31 22:30:08.087,0.95122,0.95184,1.00,1.00
2017.01.31 22:30:08.825,0.95122,0.95183,1.00,1.00
2017.01.31 22:30:09.859,0.95122,0.95189,1.00,1.00
2017.01.31 22:30:09.910,0.95122,0.95184,1.00,1.00
2017.01.31 22:30:10.535,0.95122,0.95183,1.00,1.00
2017.01.31 22:30:11.327,0.95122,0.95184,1.00,1.00
2017.01.31 22:30:11.937,0.95122,0.95183,1.00,1.00
2017.01.31 22:30:14.686,0.95122,0.95179,1.00,1.00
2017.01.31 22:30:15.081,0.95122,0.95177,1.00,1.00
2017.01.31 22:30:15.690,0.95122,0.95176,1.00,1.00
2017.01.31 22:30:16.347,0.95122,0.95173,1.00,1.00
2017.01.31 22:30:17.193,0.95122,0.95174,1.00,1.00
2017.01.31 22:30:17.499,0.95122,0.95177,1.00,1.00
2017.01.31 22:30:18.381,0.95122,0.9518,1.00,1.00
2017.01.31 22:30:19.384,0.95122,0.95177,1.00,1.00
2017.01.31 22:30:21.261,0.95122,0.95174,1.00,1.00
2017.01.31 22:30:23.828,0.95122,0.95177,1.00,1.00
2017.01.31 22:30:24.834,0.95122,0.95174,1.00,1.00
2017.01.31 22:30:25.837,0.95122,0.95171,1.00,1.00
2017.01.31 22:30:27.842,0.95122,0.95175,1.00,1.00
2017.01.31 22:30:28.506,0.95122,0.95176,1.00,1.00
2017.01.31 22:30:28.850,0.95122,0.95173,1.00,1.00
2017.01.31 22:30:29.336,0.95122,0.95171,1.00,1.00
2017.01.31 22:30:29.387,0.95122,0.95186,1.00,1.50
2017.01.31 22:30:29.487,0.95122,0.95192,1.00,1.00
2017.01.31 22:30:29.538,0.95122,0.95196,1.00,1.37
2017.01.31 22:30:32.412,0.95122,0.95198,1.00,1.87
2017.01.31 22:30:34.159,0.95123,0.95203,1.50,1.37
2017.01.31 22:30:34.260,0.95128,0.95206,1.00,1.00
2017.01.31 22:30:34.311,0.9513,0.95212,1.00,1.00
2017.01.31 22:30:34.412,0.95128,0.95215,1.50,1.00
2017.01.31 22:30:35.010,0.95128,0.95211,1.00,1.00
2017.01.31 22:30:35.315,0.95128,0.95208,1.00,1.00
2017.01.31 22:30:35.769,0.95128,0.95205,1.00,1.00
2017.01.31 22:30:36.240,0.95118,0.95205,1.00,1.00
2017.01.31 22:30:36.441,0.95118,0.95202,1.00,1.00
2017.01.31 22:30:37.314,0.95118,0.95204,1.00,1.00
2017.01.31 22:30:39.312,0.95118,0.95204,1.00,1.50
2017.01.31 22:30:57.814,0.95118,0.95199,1.00,1.00
2017.01.31 22:31:04.432,0.95118,0.95201,1.00,1.00
2017.01.31 22:31:06.339,0.95118,0.95199,1.00,1.00
2017.01.31 22:31:07.554,0.95118,0.95201,1.00,1.00
2017.01.31 22:31:07.740,0.95118,0.95201,1.00,1.37
2017.01.31 22:31:17.310,0.95118,0.95198,1.00,1.37
2017.01.31 22:31:19.951,0.95122,0.95203,1.00,1.37
2017.01.31 22:31:20.547,0.95122,0.95201,1.00,1.37
2017.01.31 22:31:25.547,0.95123,0.95197,1.00,1.37
2017.01.31 22:31:25.874,0.95123,0.95191,1.00,1.00
2017.01.31 22:31:25.954,0.95118,0.95192,1.00,1.00
2017.01.31 22:31:26.054,0.95113,0.95196,1.00,1.12
2017.01.31 22:31:26.976,0.95114,0.95197,1.00,1.37
2017.01.31 22:31:29.287,0.95114,0.95197,1.00,1.00
2017.01.31 22:31:29.897,0.95113,0.95197,1.00,1.00
2017.01.31 22:31:33.246,0.95098,0.95187,1.50,1.37
2017.01.31 22:31:33.548,0.95098,0.95169,1.00,1.00
2017.01.31 22:31:33.849,0.95098,0.95171,1.00,1.00
2017.01.31 22:31:35.178,0.95098,0.95168,1.00,1.00
2017.01.31 22:31:38.249,0.95098,0.95167,1.00,1.00
2017.01.31 22:31:41.332,0.95098,0.95168,1.00,1.00
2017.01.31 22:31:42.125,0.95098,0.95172,1.00,1.00
2017.01.31 22:31:42.213,0.95098,0.95168,1.00,1.00
2017.01.31 22:31:45.010,0.95098,0.95169,1.00,1.00
2017.01.31 22:31:45.312,0.95087,0.95147,1.00,1.00
2017.01.31 22:31:48.099,0.95087,0.95146,1.00,1.00
2017.01.31 22:31:50.752,0.95087,0.95144,1.00,1.00
2017.01.31 22:31:54.646,0.95087,0.95145,1.00,1.00
2017.01.31 22:31:56.504,0.95087,0.9515,1.00,1.00
2017.01.31 22:31:57.186,0.95087,0.95151,1.00,1.00
2017.01.31 22:31:57.509,0.95087,0.95146,1.00,1.00
2017.01.31 22:31:58.336,0.95087,0.9515,1.00,1.00
2017.01.31 22:32:00.606,0.95087,0.95148,1.00,1.00
2017.01.31 22:32:00.760,0.95073,0.95149,1.00,1.00
2017.01.31 22:32:00.810,0.95073,0.95142,1.00,1.00
2017.01.31 22:32:01.148,0.95063,0.95124,1.00,1.00
2017.01.31 22:32:01.455,0.95068,0.95129,1.00,1.00
2017.01.31 22:32:01.661,0.95043,0.95128,1.00,1.00
2017.01.31 22:32:01.712,0.95043,0.95124,1.00,1.00
2017.01.31 22:32:02.014,0.95047,0.95125,1.00,1.00
2017.01.31 22:32:02.510,0.95047,0.95123,1.00,1.00
2017.01.31 22:32:03.061,0.95047,0.95124,1.00,1.50
2017.01.31 22:32:04.471,0.95047,0.95123,1.00,1.00
2017.01.31 22:32:06.516,0.95047,0.95125,1.00,1.00
2017.01.31 22:32:07.126,0.95047,0.95126,1.00,1.50
2017.01.31 22:32:08.503,0.95047,0.95128,1.00,1.00
2017.01.31 22:32:08.610,0.95047,0.95126,1.00,1.00
2017.01.31 22:32:09.002,0.95052,0.9512,1.00,1.00
2017.01.31 22:32:09.618,0.95051,0.9512,1.00,1.00
2017.01.31 22:32:12.024,0.9505,0.95122,1.00,1.00
2017.01.31 22:32:12.075,0.95051,0.9513,1.00,1.00
2017.01.31 22:32:12.176,0.95052,0.95135,1.00,1.00
2017.01.31 22:32:12.227,0.95054,0.95134,1.00,1.00
2017.01.31 22:32:12.981,0.95055,0.95134,1.00,1.00
2017.01.31 22:32:15.469,0.95055,0.95136,1.00,1.00
2017.01.31 22:32:16.014,0.95055,0.95133,1.00,1.50
2017.01.31 22:32:16.065,0.9505,0.95133,1.00,1.50
2017.01.31 22:32:18.280,0.9505,0.95128,1.00,1.00
2017.01.31 22:32:19.071,0.9505,0.95129,1.00,1.00
2017.01.31 22:32:22.335,0.95054,0.9513,1.00,1.50
2017.01.31 22:32:22.436,0.95054,0.95133,1.00,1.00
2017.01.31 22:32:23.032,0.95054,0.95132,1.00,1.00
2017.01.31 22:32:24.160,0.95057,0.95134,1.00,1.00
2017.01.31 22:32:24.708,0.95073,0.95145,1.00,1.00
2017.01.31 22:32:24.960,0.95064,0.95144,1.00,1.50
2017.01.31 22:32:25.011,0.95064,0.95137,1.00,1.00
2017.01.31 22:32:25.061,0.95058,0.95137,1.00,1.00
2017.01.31 22:32:25.112,0.95057,0.95135,1.00,1.00
2017.01.31 22:32:27.239,0.95059,0.95135,1.00,1.00
2017.01.31 22:32:27.800,0.95059,0.95136,1.00,1.00
2017.01.31 22:32:28.175,0.95059,0.95138,1.00,1.00
2017.01.31 22:32:28.226,0.95059,0.9513,1.00,1.00
2017.01.31 22:32:28.333,0.95055,0.9513,1.00,1.00
2017.01.31 22:32:29.241,0.95055,0.95134,1.00,1.00
2017.01.31 22:32:29.293,0.9506,0.95133,1.00,1.00
2017.01.31 22:32:29.660,0.95059,0.95131,1.00,1.00
2017.01.31 22:32:30.371,0.95061,0.95133,1.00,1.00
2017.01.31 22:32:30.860,0.95059,0.95128,1.00,1.00
2017.01.31 22:32:31.207,0.95057,0.95122,1.00,1.00
2017.01.31 22:32:31.972,0.95057,0.95123,1.00,1.00
2017.01.31 22:32:32.329,0.95057,0.95119,1.00,1.00
2017.01.31 22:32:32.380,0.95057,0.95123,1.00,1.00
2017.01.31 22:32:33.070,0.95057,0.95122,1.00,1.00
2017.01.31 22:32:33.342,0.95057,0.95118,1.00,1.00
2017.01.31 22:32:34.250,0.95057,0.95125,1.00,1.50
2017.01.31 22:32:34.401,0.95057,0.95122,1.00,1.00
2017.01.31 22:32:34.486,0.95057,0.95125,1.00,1.00
2017.01.31 22:32:36.560,0.95063,0.95125,1.00,1.00
2017.01.31 22:32:36.611,0.95063,0.95135,1.00,1.00
2017.01.31 22:32:37.653,0.95063,0.95136,1.00,1.00
2017.01.31 22:32:40.270,0.95063,0.95137,1.00,1.50
2017.01.31 22:32:40.829,0.95063,0.95136,1.00,1.00
2017.01.31 22:32:41.562,0.95063,0.95137,1.00,1.50
2017.01.31 22:32:42.795,0.95063,0.95135,1.00,1.00
2017.01.31 22:32:44.140,0.95057,0.95135,1.50,1.00
2017.01.31 22:32:44.241,0.95055,0.9513,1.00,1.00
2017.01.31 22:32:44.291,0.95048,0.95125,1.00,1.00
2017.01.31 22:32:44.342,0.95045,0.95123,1.00,1.00
2017.01.31 22:32:46.380,0.95042,0.9512,1.00,1.00
2017.01.31 22:32:46.946,0.95042,0.95119,1.00,1.00
2017.01.31 22:32:47.690,0.95042,0.95118,1.00,1.50
2017.01.31 22:32:48.266,0.95042,0.9511,1.00,1.00
2017.01.31 22:32:48.708,0.95042,0.95108,1.00,1.00
2017.01.31 22:32:48.960,0.95043,0.95113,1.00,1.00
2017.01.31 22:32:49.061,0.95043,0.9512,1.00,1.00
2017.01.31 22:32:49.586,0.95043,0.95119,1.00,1.00
2017.01.31 22:32:50.246,0.95043,0.9512,1.00,1.00
2017.01.31 22:32:50.629,0.95043,0.95124,1.00,1.00
2017.01.31 22:32:51.037,0.95043,0.95126,1.00,1.00
2017.01.31 22:32:51.259,0.95048,0.95126,1.00,1.00
2017.01.31 22:32:51.358,0.95048,0.95133,1.00,1.00
2017.01.31 22:32:51.895,0.95048,0.95134,1.00,1.00
2017.01.31 22:32:51.990,0.95048,0.95137,1.00,1.50
2017.01.31 22:32:52.589,0.9505,0.95137,1.00,1.50
2017.01.31 22:32:52.943,0.95048,0.95128,1.00,1.00
2017.01.31 22:32:53.170,0.95045,0.95128,1.00,1.00
2017.01.31 22:32:53.682,0.95045,0.9513,1.00,1.00
2017.01.31 22:32:54.235,0.95045,0.95129,1.00,1.00
2017.01.31 22:32:55.160,0.95043,0.95126,1.00,1.00
2017.01.31 22:32:55.502,0.95039,0.95121,1.50,1.00
2017.01.31 22:32:55.859,0.95037,0.95119,1.00,1.00
2017.01.31 22:32:56.666,0.95037,0.95117,1.00,1.00
2017.01.31 22:32:56.997,0.95037,0.95121,1.00,1.00
2017.01.31 22:32:57.523,0.95038,0.9512,1.00,1.00
2017.01.31 22:32:57.656,0.9504,0.9512,1.00,1.00
2017.01.31 22:32:57.707,0.95038,0.9512,1.00,1.00
2017.01.31 22:32:58.209,0.95045,0.95133,1.00,1.87
2017.01.31 22:32:58.501,0.95047,0.95135,1.00,1.50
2017.01.31 22:33:01.842,0.95045,0.95135,2.25,1.00
2017.01.31 22:33:02.245,0.95046,0.95133,1.00,1.00
2017.01.31 22:33:02.867,0.95046,0.95135,1.00,1.50
2017.01.31 22:33:03.387,0.95046,0.95134,1.00,1.00
2017.01.31 22:33:04.047,0.95046,0.95135,1.00,1.00
2017.01.31 22:33:06.612,0.95048,0.95135,1.00,1.00
2017.01.31 22:33:07.265,0.95048,0.95137,1.00,1.00
2017.01.31 22:33:07.618,0.95045,0.95137,1.00,1.00
2017.01.31 22:33:07.713,0.95045,0.95135,1.50,1.00
2017.01.31 22:33:08.309,0.95046,0.95134,1.00,1.00
2017.01.31 22:33:08.611,0.95053,0.95136,1.00,1.60
2017.01.31 22:33:08.712,0.95035,0.95112,1.00,1.50
2017.01.31 22:33:08.763,0.95035,0.95102,1.00,1.00
2017.01.31 22:33:08.813,0.95033,0.95102,1.00,1.00
2017.01.31 22:33:08.864,0.95033,0.95107,1.00,1.00
2017.01.31 22:33:09.081,0.95029,0.95108,1.00,1.00
2017.01.31 22:33:09.131,0.95027,0.95106,1.00,1.00
2017.01.31 22:33:09.333,0.95027,0.95109,1.50,1.00
2017.01.31 22:33:10.127,0.95027,0.9511,1.50,1.00
2017.01.31 22:33:10.325,0.95027,0.95108,1.00,1.00
2017.01.31 22:33:11.197,0.95027,0.9511,1.00,1.00
2017.01.31 22:33:12.137,0.95027,0.95111,1.50,1.00
2017.01.31 22:33:12.687,0.95027,0.9511,1.00,1.00
2017.01.31 22:33:13.214,0.95028,0.9511,1.00,1.00
2017.01.31 22:33:13.360,0.95033,0.9511,1.50,1.00
2017.01.31 22:33:13.411,0.95033,0.95113,1.50,1.00
2017.01.31 22:33:14.025,0.95039,0.95112,1.00,1.00
2017.01.31 22:33:14.521,0.95035,0.95111,1.00,1.00
2017.01.31 22:33:14.639,0.95035,0.95108,1.00,1.00
2017.01.31 22:33:14.740,0.95028,0.95109,1.00,1.00
2017.01.31 22:33:14.859,0.95038,0.95108,1.00,1.00
2017.01.31 22:33:15.161,0.95046,0.95113,1.00,1.00
2017.01.31 22:33:15.707,0.95047,0.95113,1.00,1.00
2017.01.31 22:33:16.217,0.95048,0.95113,1.00,1.50
2017.01.31 22:33:16.899,0.95049,0.95113,1.00,1.00
2017.01.31 22:33:17.354,0.9505,0.95117,1.00,1.00
2017.01.31 22:33:17.908,0.9505,0.95119,1.00,1.00
2017.01.31 22:33:18.861,0.95053,0.95123,1.00,1.00
2017.01.31 22:33:18.912,0.95056,0.95125,1.00,1.00
2017.01.31 22:33:19.323,0.95059,0.95127,1.00,1.00
2017.01.31 22:33:22.300,0.9506,0.95127,1.00,1.00
2017.01.31 22:33:22.840,0.95061,0.95127,1.00,1.00
2017.01.31 22:33:23.354,0.9506,0.95127,1.00,1.00
2017.01.31 22:33:23.404,0.95058,0.95127,1.00,1.00
2017.01.31 22:33:24.334,0.95058,0.95122,1.00,1.00
2017.01.31 22:33:24.944,0.9506,0.95122,1.00,1.00
2017.01.31 22:33:28.627,0.95061,0.95122,1.00,1.00
2017.01.31 22:33:34.237,0.9506,0.95122,1.00,1.00
2017.01.31 22:33:40.118,0.95061,0.95122,1.00,1.00
2017.01.31 22:33:46.467,0.95061,0.95128,1.00,1.00
2017.01.31 22:33:52.337,0.95059,0.95128,1.00,1.00
2017.01.31 22:33:57.313,0.95059,0.95123,1.00,1.00
2017.01.31 22:33:58.961,0.95064,0.95128,1.00,1.00
2017.01.31 22:33:59.423,0.95069,0.95128,1.00,1.00
2017.01.31 22:33:59.964,0.95069,0.95136,1.00,1.00
2017.01.31 22:34:00.014,0.95071,0.95138,1.00,1.50
2017.01.31 22:34:00.353,0.95073,0.95138,1.00,1.50
2017.01.31 22:34:01.144,0.95071,0.95138,1.00,1.00
2017.01.31 22:34:01.945,0.9507,0.95138,1.00,1.00
2017.01.31 22:34:02.649,0.9507,0.95138,1.00,1.37
2017.01.31 22:34:03.310,0.95071,0.95138,1.00,1.87
2017.01.31 22:34:03.360,0.9507,0.95133,1.00,1.00
2017.01.31 22:34:03.411,0.95067,0.95131,1.00,1.00
2017.01.31 22:34:03.512,0.95063,0.9513,1.00,1.00
2017.01.31 22:34:04.793,0.95064,0.9513,1.00,1.00
2017.01.31 22:34:05.335,0.95064,0.95133,1.00,1.50
2017.01.31 22:34:06.180,0.95064,0.95131,1.00,1.00
2017.01.31 22:34:07.194,0.95063,0.95133,1.00,1.00
2017.01.31 22:34:07.295,0.95065,0.95133,1.00,1.00
2017.01.31 22:34:09.764,0.95083,0.95132,1.00,1.00
2017.01.31 22:34:14.460,0.95083,0.95133,1.00,1.00
2017.01.31 22:34:14.510,0.95083,0.95137,1.00,1.37
2017.01.31 22:34:14.760,0.95072,0.95138,1.00,1.37
2017.01.31 22:34:15.722,0.95072,0.95138,1.00,1.50
2017.01.31 22:34:16.049,0.95073,0.9514,1.00,1.12
2017.01.31 22:34:20.559,0.95083,0.95142,1.00,1.37
2017.01.31 22:34:20.610,0.95083,0.95142,1.00,1.00
2017.01.31 22:34:35.060,0.95082,0.9515,1.12,1.00
2017.01.31 22:34:35.161,0.95083,0.95147,1.00,1.00
2017.01.31 22:34:38.748,0.95083,0.95152,1.00,1.00
2017.01.31 22:34:42.049,0.95082,0.95148,1.00,1.00
2017.01.31 22:34:50.959,0.95078,0.95147,1.37,1.00
2017.01.31 22:34:52.827,0.95083,0.95152,1.00,1.00
2017.01.31 22:34:59.763,0.95087,0.95148,1.00,1.00
2017.01.31 22:35:05.406,0.95087,0.95146,1.00,1.00
2017.01.31 22:35:13.520,0.95087,0.95145,1.00,1.00
2017.01.31 22:35:17.596,0.95087,0.95144,1.00,1.00
2017.01.31 22:35:23.459,0.95093,0.95144,1.00,1.12
2017.01.31 22:35:24.077,0.95093,0.95141,1.00,1.00
2017.01.31 22:35:25.873,0.95093,0.95143,1.00,1.00
2017.01.31 22:35:27.001,0.95093,0.95144,1.00,1.12
2017.01.31 22:36:01.274,0.95093,0.95142,1.00,1.00
2017.01.31 22:36:17.059,0.95102,0.95149,1.00,1.00
2017.01.31 22:36:17.702,0.95103,0.95157,1.00,1.50
2017.01.31 22:36:17.860,0.95103,0.95157,1.00,1.00
2017.01.31 22:36:18.082,0.95103,0.95159,1.00,1.00
2017.01.31 22:36:19.562,0.95103,0.95158,1.00,1.00
2017.01.31 22:36:22.612,0.95103,0.95159,1.00,1.00
2017.01.31 22:36:23.179,0.95103,0.95158,1.00,1.00
2017.01.31 22:36:41.345,0.95103,0.95159,1.00,1.00
2017.01.31 22:36:41.683,0.95103,0.95157,1.00,1.00
2017.01.31 22:36:41.859,0.95103,0.95161,1.00,1.50
2017.01.31 22:36:42.386,0.95103,0.95164,1.00,1.00
2017.01.31 22:36:43.078,0.95103,0.95165,1.00,1.00
2017.01.31 22:36:43.595,0.95103,0.95166,1.00,1.12
2017.01.31 22:36:47.275,0.95103,0.95165,1.00,1.00
2017.01.31 22:36:48.277,0.95103,0.95164,1.00,1.00
2017.01.31 22:36:50.769,0.95118,0.95164,1.00,1.00
2017.01.31 22:36:51.060,0.95118,0.95166,1.00,1.50
2017.01.31 22:36:51.551,0.95118,0.95169,1.00,1.00
2017.01.31 22:36:51.602,0.95113,0.95169,1.00,1.00
2017.01.31 22:36:52.186,0.95113,0.9517,1.00,1.50
2017.01.31 22:37:02.836,0.95113,0.95169,1.00,1.00
2017.01.31 22:37:14.718,0.95113,0.9517,1.00,1.50
2017.01.31 22:37:17.355,0.95113,0.95169,1.00,1.00
2017.01.31 22:37:23.182,0.95113,0.9517,1.00,1.00
2017.01.31 22:37:30.264,0.95107,0.9517,1.00,1.00
2017.01.31 22:37:30.936,0.95107,0.95171,1.00,1.50
2017.01.31 22:37:32.305,0.95107,0.95168,1.00,1.00
2017.01.31 22:37:37.257,0.95118,0.95168,1.00,1.00
2017.01.31 22:37:37.525,0.95118,0.9517,1.00,1.00
2017.01.31 22:37:44.314,0.95113,0.9517,1.00,1.00
2017.01.31 22:37:45.413,0.95118,0.9517,1.00,1.00
2017.01.31 22:37:45.521,0.95113,0.95175,1.00,1.00
2017.01.31 22:37:49.844,0.95112,0.95175,1.00,1.00
2017.01.31 22:38:02.238,0.95112,0.9518,1.00,1.00
2017.01.31 22:38:02.339,0.95112,0.95184,1.00,1.00
2017.01.31 22:38:02.437,0.95112,0.9518,1.00,1.00
2017.01.31 22:38:05.259,0.95112,0.95186,1.00,1.00
2017.01.31 22:38:05.360,0.95112,0.95188,1.00,1.00
2017.01.31 22:38:07.610,0.95112,0.95185,1.00,1.00
2017.01.31 22:38:17.956,0.95112,0.95186,1.00,1.00
2017.01.31 22:38:21.914,0.95108,0.95182,1.00,1.00
2017.01.31 22:38:36.216,0.95123,0.95186,1.00,1.00
2017.01.31 22:38:36.417,0.95122,0.95197,1.00,1.87
2017.01.31 22:38:36.518,0.95118,0.952,1.00,1.75
2017.01.31 22:38:36.568,0.9512,0.952,1.00,1.75
2017.01.31 22:38:37.147,0.9512,0.952,1.00,1.00
2017.01.31 22:38:37.226,0.9512,0.95202,1.00,1.00
2017.01.31 22:38:38.399,0.95121,0.95202,1.00,1.00
2017.01.31 22:38:38.477,0.95123,0.95204,1.00,1.00
2017.01.31 22:38:43.667,0.9512,0.95203,1.00,1.00
2017.01.31 22:38:46.753,0.95119,0.95203,1.00,1.00
2017.01.31 22:38:47.442,0.95118,0.95203,1.00,1.50
2017.01.31 22:38:49.356,0.95119,0.95203,1.00,1.00
2017.01.31 22:38:50.082,0.9512,0.95203,1.00,1.00
2017.01.31 22:38:51.007,0.95119,0.95203,1.00,1.00
2017.01.31 22:38:51.057,0.95119,0.95197,1.00,1.00
2017.01.31 22:38:51.432,0.9512,0.95202,1.00,1.00
2017.01.31 22:38:59.405,0.95119,0.95202,1.00,1.00
2017.01.31 22:39:03.013,0.95121,0.95202,1.00,1.00
2017.01.31 22:39:03.623,0.9512,0.95202,1.00,1.00
2017.01.31 22:39:08.066,0.95119,0.95202,1.00,1.00
2017.01.31 22:39:10.267,0.95121,0.95202,1.00,1.00
2017.01.31 22:39:17.575,0.9512,0.95202,1.00,1.00
2017.01.31 22:39:19.723,0.95123,0.95202,1.00,1.00
2017.01.31 22:39:20.070,0.95123,0.95197,1.50,1.00
2017.01.31 22:39:20.781,0.95124,0.95197,1.00,1.00
2017.01.31 22:39:39.668,0.95128,0.95202,1.00,1.00
2017.01.31 22:40:11.767,0.95127,0.95203,1.50,1.00
2017.01.31 22:40:11.862,0.9513,0.95203,1.00,1.00
2017.01.31 22:40:17.586,0.95133,0.95203,1.00,1.00
2017.01.31 22:40:18.084,0.95142,0.95208,1.00,1.00
2017.01.31 22:40:40.159,0.95143,0.95202,1.00,1.00
2017.01.31 22:40:41.158,0.95137,0.95198,3.60,1.00
2017.01.31 22:40:41.781,0.95137,0.95197,3.60,1.00
2017.01.31 22:40:41.954,0.95138,0.95201,1.00,1.00
2017.01.31 22:40:42.055,0.95138,0.95207,1.00,1.37
2017.01.31 22:40:43.158,0.95138,0.95203,1.00,1.00
2017.01.31 22:40:44.159,0.95137,0.95198,1.50,1.00
2017.01.31 22:40:44.950,0.95138,0.95198,1.00,1.00
2017.01.31 22:40:45.297,0.9514,0.95196,2.10,1.00
2017.01.31 22:40:46.960,0.9514,0.95194,2.10,1.00
2017.01.31 22:40:47.934,0.95142,0.95194,2.10,1.00
2017.01.31 22:40:48.809,0.95142,0.95195,2.10,1.00
2017.01.31 22:40:49.156,0.95142,0.95193,2.10,1.00
2017.01.31 22:40:50.717,0.95142,0.95197,2.10,1.50
2017.01.31 22:40:51.272,0.95142,0.95196,2.10,1.00
2017.01.31 22:40:52.203,0.95143,0.95197,1.60,1.00
2017.01.31 22:40:55.208,0.95143,0.95197,1.00,1.00
2017.01.31 22:40:55.330,0.95147,0.95197,2.10,1.00
2017.01.31 22:40:56.209,0.95145,0.95197,1.00,1.00
2017.01.31 22:40:56.310,0.95147,0.95197,2.10,1.00
2017.01.31 22:40:57.282,0.95142,0.95197,1.00,1.00
2017.01.31 22:40:57.369,0.95146,0.95197,2.10,1.00
2017.01.31 22:40:58.209,0.95143,0.95197,1.00,1.00
2017.01.31 22:40:58.310,0.95147,0.95197,2.10,1.00
2017.01.31 22:40:59.249,0.95141,0.95197,1.00,1.00
2017.01.31 22:40:59.300,0.95143,0.95197,1.00,1.00
2017.01.31 22:40:59.860,0.95146,0.95197,2.10,1.00
2017.01.31 22:41:01.409,0.95143,0.95197,1.00,1.00
2017.01.31 22:41:13.845,0.95144,0.95197,1.00,1.00
2017.01.31 22:41:14.872,0.95144,0.95202,1.00,1.00
2017.01.31 22:41:15.064,0.95145,0.95222,1.50,1.00
2017.01.31 22:41:15.115,0.95158,0.95225,1.00,1.12
2017.01.31 22:41:15.491,0.9517,0.95233,1.00,1.75
2017.01.31 22:41:15.592,0.9517,0.95233,1.00,1.00
2017.01.31 22:41:16.287,0.9516,0.95233,1.00,1.00
2017.01.31 22:41:17.760,0.9516,0.95232,1.00,1.00
2017.01.31 22:41:18.265,0.95159,0.95232,1.00,1.00
2017.01.31 22:41:20.662,0.95161,0.95232,1.00,1.00
2017.01.31 22:41:21.308,0.95161,0.95232,1.60,1.00
2017.01.31 22:41:21.616,0.95167,0.95233,1.00,1.00
2017.01.31 22:41:23.669,0.95169,0.95233,1.00,1.00
2017.01.31 22:41:24.206,0.9517,0.95233,1.00,1.00
2017.01.31 22:41:25.608,0.9517,0.95233,1.60,1.00
2017.01.31 22:41:38.448,0.95169,0.95237,1.60,1.00
2017.01.31 22:42:15.914,0.95165,0.95232,2.85,1.00
2017.01.31 22:42:16.436,0.95165,0.95232,1.00,1.00
2017.01.31 22:42:16.979,0.95165,0.95233,1.00,1.00
2017.01.31 22:42:18.436,0.95164,0.95233,1.00,1.00
2017.01.31 22:42:22.925,0.95173,0.95232,1.00,1.00
2017.01.31 22:42:43.759,0.95188,0.95247,1.00,1.12
2017.01.31 22:42:45.460,0.95198,0.95249,1.00,1.00
2017.01.31 22:42:45.984,0.95198,0.95252,1.00,1.50
2017.01.31 22:42:46.838,0.95187,0.95248,1.00,1.00
2017.01.31 22:42:50.959,0.95183,0.95242,1.00,1.37
2017.01.31 22:42:51.409,0.95183,0.95238,1.00,1.00
2017.01.31 22:42:53.913,0.95183,0.95238,1.00,1.37
2017.01.31 22:42:59.151,0.95183,0.95238,1.00,1.00
2017.01.31 22:43:03.526,0.95183,0.95239,1.00,1.00
2017.01.31 22:43:04.067,0.95183,0.9524,1.00,1.50
2017.01.31 22:43:05.372,0.95183,0.95239,1.00,1.00
2017.01.31 22:43:07.209,0.95183,0.95239,1.00,1.37
2017.01.31 22:43:10.212,0.95183,0.95239,1.00,1.00
2017.01.31 22:43:17.316,0.95183,0.95239,1.00,1.37
2017.01.31 22:43:20.409,0.95183,0.95238,1.00,1.00
2017.01.31 22:43:26.959,0.95182,0.95237,1.00,1.00
2017.01.31 22:43:27.060,0.95183,0.9524,1.00,1.12
2017.01.31 22:43:29.913,0.95183,0.95241,1.00,1.00
2017.01.31 22:43:30.653,0.95183,0.9524,1.00,1.00
2017.01.31 22:43:31.646,0.95183,0.95241,1.00,1.00
2017.01.31 22:44:01.225,0.95182,0.95238,1.00,1.00
2017.01.31 22:44:03.833,0.95187,0.95238,1.00,1.50
2017.01.31 22:44:09.570,0.95188,0.95247,1.00,1.37
2017.01.31 22:44:10.480,0.95188,0.95247,1.00,1.00
2017.01.31 22:44:11.014,0.95178,0.95238,1.37,1.00
2017.01.31 22:44:13.480,0.95182,0.95238,1.37,1.00
2017.01.31 22:44:16.759,0.95187,0.95243,1.00,1.00
2017.01.31 22:44:18.743,0.95185,0.95243,1.00,1.00
2017.01.31 22:44:18.794,0.95183,0.95243,1.00,1.00
2017.01.31 22:44:19.714,0.95183,0.95243,1.37,1.00
2017.01.31 22:44:22.560,0.95183,0.95237,1.00,1.00
2017.01.31 22:44:38.614,0.95178,0.95237,1.00,1.00
2017.01.31 22:44:38.665,0.95178,0.95237,1.75,1.00
2017.01.31 22:44:38.715,0.95178,0.95252,1.75,1.00
2017.01.31 22:44:41.659,0.95188,0.95262,1.00,1.00
2017.01.31 22:44:48.187,0.95184,0.95257,1.00,1.00
2017.01.31 22:44:48.799,0.95187,0.95257,1.00,1.00
2017.01.31 22:44:50.829,0.95188,0.95252,1.00,1.00
2017.01.31 22:44:51.438,0.95193,0.95257,1.00,1.00
2017.01.31 22:45:00.486,0.95193,0.95251,1.00,1.00
2017.01.31 22:45:01.881,0.95193,0.9525,1.00,1.00
2017.01.31 22:45:05.062,0.95193,0.95253,1.00,1.00
2017.01.31 22:45:06.113,0.95193,0.95252,1.00,1.00
2017.01.31 22:45:10.859,0.95198,0.95252,1.00,1.50
2017.01.31 22:45:10.960,0.95195,0.95258,1.00,1.00
2017.01.31 22:45:11.011,0.95199,0.95261,1.00,1.00
2017.01.31 22:45:11.664,0.95199,0.95262,1.00,1.00
2017.01.31 22:45:16.110,0.95201,0.95262,1.00,1.00
2017.01.31 22:45:16.210,0.95198,0.95263,1.00,1.00
2017.01.31 22:45:16.793,0.952,0.95263,1.00,1.00
2017.01.31 22:45:18.796,0.95199,0.95263,1.00,1.00
2017.01.31 22:45:21.142,0.952,0.95263,1.00,1.00
2017.01.31 22:45:24.859,0.95198,0.95257,1.00,1.00
2017.01.31 22:45:24.910,0.9519,0.95257,1.00,1.00
2017.01.31 22:45:25.061,0.95198,0.95257,1.00,1.00
2017.01.31 22:45:26.759,0.95194,0.95258,1.00,1.50
2017.01.31 22:45:28.860,0.95195,0.95261,1.00,1.00
2017.01.31 22:45:28.962,0.95196,0.95267,1.00,1.00
2017.01.31 22:45:29.012,0.95206,0.95271,1.00,1.00
2017.01.31 22:45:29.113,0.95207,0.95273,1.00,1.50
2017.01.31 22:45:29.407,0.95207,0.95276,1.00,1.00
2017.01.31 22:45:29.991,0.95207,0.95277,1.00,1.00
2017.01.31 22:45:35.059,0.95204,0.95277,1.00,1.00
2017.01.31 22:45:35.109,0.9521,0.95277,1.00,1.00
2017.01.31 22:45:35.160,0.95209,0.95288,1.00,1.37
2017.01.31 22:45:35.210,0.95211,0.95288,1.00,1.37
2017.01.31 22:45:35.512,0.95217,0.95302,1.00,1.75
2017.01.31 22:45:35.563,0.95217,0.95302,1.00,1.00
2017.01.31 22:45:36.190,0.95219,0.95302,1.00,1.00
2017.01.31 22:45:38.991,0.9522,0.95301,1.00,1.00
2017.01.31 22:45:39.042,0.95219,0.95303,1.00,1.00
2017.01.31 22:45:39.564,0.95218,0.95303,1.00,1.00
2017.01.31 22:45:40.274,0.9522,0.95303,1.00,1.00
2017.01.31 22:45:42.447,0.95218,0.95303,1.00,1.00
2017.01.31 22:45:43.610,0.95222,0.95303,1.00,1.00
2017.01.31 22:45:43.660,0.95216,0.95303,1.00,1.00
2017.01.31 22:45:44.018,0.95221,0.95303,1.00,1.00
2017.01.31 22:45:45.015,0.95218,0.95303,1.00,1.00
2017.01.31 22:45:46.042,0.95221,0.95303,1.00,1.00
2017.01.31 22:45:47.986,0.95218,0.95303,1.00,1.00
2017.01.31 22:45:49.007,0.95223,0.95303,1.00,1.00
2017.01.31 22:45:49.509,0.95218,0.95303,1.00,1.00
2017.01.31 22:45:49.560,0.95215,0.95303,1.00,1.00
2017.01.31 22:45:49.732,0.95215,0.95301,1.00,1.50
2017.01.31 22:45:50.094,0.95215,0.95303,1.00,1.00
2017.01.31 22:45:50.820,0.95214,0.953,1.00,1.00
2017.01.31 22:45:51.826,0.95207,0.953,1.00,1.50
2017.01.31 22:45:51.929,0.95207,0.95298,1.00,1.00
2017.01.31 22:45:52.377,0.95204,0.95296,1.00,1.00
2017.01.31 22:45:52.584,0.95205,0.95293,1.00,1.00
2017.01.31 22:45:53.562,0.95202,0.95293,1.50,1.00
2017.01.31 22:45:54.798,0.95205,0.95293,1.00,1.50
2017.01.31 22:45:55.937,0.95205,0.95292,1.00,1.00
2017.01.31 22:45:55.988,0.95202,0.95292,1.00,1.00
2017.01.31 22:45:56.455,0.95203,0.95287,1.00,1.00
2017.01.31 22:45:56.874,0.95203,0.95285,1.00,1.00
2017.01.31 22:45:59.659,0.95202,0.95285,1.00,1.00
2017.01.31 22:45:59.709,0.95203,0.95287,1.00,1.00
2017.01.31 22:46:00.001,0.95205,0.95288,1.00,1.00
2017.01.31 22:46:00.585,0.95205,0.95291,1.00,1.50
2017.01.31 22:46:00.791,0.95212,0.95288,1.00,1.00
2017.01.31 22:46:01.558,0.95206,0.95291,1.00,1.50
2017.01.31 22:46:01.658,0.95209,0.95291,1.00,1.00
2017.01.31 22:46:03.410,0.95203,0.9529,1.00,1.00
2017.01.31 22:46:03.709,0.95205,0.9529,1.00,1.00
2017.01.31 22:46:04.174,0.95205,0.95286,1.00,1.00
2017.01.31 22:46:04.752,0.95203,0.95287,1.00,1.00
2017.01.31 22:46:04.803,0.95205,0.95287,1.00,1.00
2017.01.31 22:46:04.903,0.95203,0.9529,1.00,1.50
2017.01.31 22:46:04.954,0.95205,0.95289,1.00,1.00
2017.01.31 22:46:05.208,0.95203,0.95289,1.00,1.50
2017.01.31 22:46:05.269,0.95205,0.95289,1.00,1.00
2017.01.31 22:46:05.453,0.95203,0.95289,1.00,1.00
2017.01.31 22:46:05.743,0.95203,0.95291,1.00,1.00
2017.01.31 22:46:05.884,0.95207,0.9529,1.00,1.00
2017.01.31 22:46:06.999,0.95204,0.95292,1.00,1.00
2017.01.31 22:46:07.100,0.95206,0.95292,1.00,1.00
2017.01.31 22:46:08.092,0.95207,0.95292,1.00,1.00
2017.01.31 22:46:08.892,0.95209,0.95292,1.00,1.00
2017.01.31 22:46:11.560,0.95209,0.95288,1.00,1.00
2017.01.31 22:46:16.359,0.95218,0.95287,1.00,1.00
2017.01.31 22:46:17.165,0.95216,0.95282,1.00,1.00
2017.01.31 22:46:18.260,0.95216,0.95287,1.00,1.00
2017.01.31 22:46:18.436,0.9521,0.95287,1.37,1.50
2017.01.31 22:46:19.038,0.95208,0.95287,1.00,1.00
2017.01.31 22:46:33.444,0.95209,0.95287,1.00,1.00
2017.01.31 22:46:37.874,0.95204,0.95287,1.00,1.00
2017.01.31 22:46:38.179,0.95207,0.95287,1.00,1.00
2017.01.31 22:46:38.471,0.95204,0.95287,1.00,1.00
2017.01.31 22:46:38.572,0.95206,0.95287,1.00,1.00
2017.01.31 22:46:38.622,0.95203,0.95287,1.50,1.00
2017.01.31 22:46:38.990,0.95209,0.95287,1.00,1.00
2017.01.31 22:46:39.365,0.95207,0.95287,1.00,1.00
2017.01.31 22:46:39.867,0.95208,0.95287,1.00,1.00
2017.01.31 22:46:41.329,0.95204,0.95287,1.00,1.00
2017.01.31 22:46:41.499,0.95207,0.95287,1.00,1.00
2017.01.31 22:46:41.550,0.95204,0.95287,1.00,1.00
2017.01.31 22:46:42.322,0.95208,0.95287,1.00,1.00
2017.01.31 22:46:48.852,0.95207,0.95287,1.00,1.00
2017.01.31 22:46:51.322,0.95209,0.95287,1.00,1.00
2017.01.31 22:46:56.263,0.95207,0.95287,1.00,1.00
2017.01.31 22:46:58.380,0.95209,0.95287,1.00,1.00
2017.01.31 22:46:58.890,0.95206,0.95287,1.00,1.00
2017.01.31 22:46:59.650,0.95203,0.95287,1.00,1.00
2017.01.31 22:47:02.048,0.95208,0.95287,1.00,1.00
2017.01.31 22:47:02.595,0.95204,0.95287,1.00,1.00
2017.01.31 22:47:03.051,0.95209,0.95287,1.00,1.00
2017.01.31 22:47:03.152,0.95203,0.95287,1.50,1.00
2017.01.31 22:47:03.869,0.95209,0.95287,1.00,1.00
2017.01.31 22:47:06.353,0.9521,0.95287,1.00,1.00
2017.01.31 22:47:06.403,0.95205,0.95287,1.00,1.00
2017.01.31 22:47:06.622,0.9521,0.95287,1.00,1.00
2017.01.31 22:47:09.335,0.95205,0.95287,1.00,1.00
2017.01.31 22:47:09.386,0.95203,0.95287,1.00,1.00
2017.01.31 22:47:09.436,0.95206,0.95287,1.00,1.00
2017.01.31 22:47:09.894,0.95208,0.95287,1.00,1.00
2017.01.31 22:47:10.227,0.95204,0.95287,1.00,1.00
2017.01.31 22:47:10.567,0.95208,0.95287,1.00,1.00
2017.01.31 22:47:10.774,0.95203,0.95287,1.50,1.00
2017.01.31 22:47:10.949,0.95209,0.95287,1.00,1.00
2017.01.31 22:47:11.156,0.95203,0.95287,1.50,1.00
2017.01.31 22:47:11.668,0.95209,0.95287,1.00,1.00
2017.01.31 22:47:11.778,0.95204,0.95287,1.00,1.00
2017.01.31 22:47:12.094,0.95209,0.95287,1.00,1.00
2017.01.31 22:47:12.145,0.95204,0.95287,1.00,1.00
2017.01.31 22:47:12.689,0.95208,0.95287,1.00,1.00
2017.01.31 22:47:13.400,0.95209,0.95287,1.00,1.00
2017.01.31 22:47:14.129,0.95206,0.95287,1.00,1.00
2017.01.31 22:47:14.282,0.95208,0.95287,1.00,1.00
2017.01.31 22:47:14.751,0.95206,0.95287,1.00,1.00
2017.01.31 22:47:15.105,0.95208,0.95287,1.00,1.00
2017.01.31 22:47:15.676,0.9521,0.95287,1.00,1.00
2017.01.31 22:47:19.057,0.95209,0.95287,1.00,1.00
2017.01.31 22:47:20.818,0.95208,0.95287,1.00,1.00
2017.01.31 22:47:21.382,0.9521,0.95287,1.00,1.00
2017.01.31 22:47:24.030,0.95205,0.95287,1.00,1.00
2017.01.31 22:47:24.464,0.95202,0.95288,1.00,1.00
2017.01.31 22:47:25.462,0.95204,0.95288,1.00,1.00
2017.01.31 22:47:26.728,0.95202,0.95288,1.00,1.00
2017.01.31 22:47:27.318,0.95203,0.95288,1.00,1.00
2017.01.31 22:47:29.530,0.95202,0.95288,1.00,1.00
2017.01.31 22:47:30.534,0.95204,0.95288,1.00,1.00
2017.01.31 22:47:31.854,0.95202,0.95288,1.00,1.00
2017.01.31 22:47:32.375,0.95203,0.95288,1.00,1.00
2017.01.31 22:47:33.013,0.95202,0.95288,1.00,1.00
2017.01.31 22:47:40.784,0.95202,0.95285,1.00,1.00
2017.01.31 22:47:47.388,0.95202,0.95283,1.00,1.00
2017.01.31 22:47:48.659,0.95205,0.95286,1.00,1.00
2017.01.31 22:47:48.709,0.95202,0.95286,1.50,1.00
2017.01.31 22:47:48.810,0.95203,0.95276,1.00,1.00
2017.01.31 22:47:48.911,0.95202,0.9528,1.00,1.50
2017.01.31 22:47:49.186,0.95202,0.95282,1.00,1.00
2017.01.31 22:47:49.628,0.95202,0.95284,1.00,1.00
2017.01.31 22:47:53.059,0.95197,0.95283,1.50,1.00
2017.01.31 22:47:53.160,0.95197,0.95277,1.00,1.00
2017.01.31 22:48:03.625,0.95197,0.95278,1.00,1.00
2017.01.31 22:48:04.156,0.95197,0.95277,1.00,1.00
2017.01.31 22:48:06.472,0.95197,0.95279,1.00,1.00
2017.01.31 22:48:08.301,0.95197,0.95281,1.00,1.50
2017.01.31 22:48:09.060,0.95197,0.9528,1.00,1.00
2017.01.31 22:48:10.286,0.95197,0.95279,1.00,1.00
2017.01.31 22:48:14.972,0.95197,0.95281,1.00,1.87
2017.01.31 22:48:15.023,0.95197,0.95277,1.00,1.00
2017.01.31 22:48:23.038,0.95197,0.95281,1.00,1.50
2017.01.31 22:48:23.260,0.95203,0.95279,1.00,1.00
2017.01.31 22:48:23.310,0.95203,0.95284,1.00,1.12
2017.01.31 22:48:23.361,0.95197,0.95283,1.00,1.00
2017.01.31 22:48:23.412,0.95198,0.95279,1.00,1.00
2017.01.31 22:48:23.910,0.95203,0.95285,1.00,1.87
2017.01.31 22:48:24.212,0.95197,0.95259,1.00,1.00
2017.01.31 22:48:26.116,0.95197,0.9526,1.00,1.00
2017.01.31 22:48:26.617,0.95197,0.95263,1.00,1.37
2017.01.31 22:48:26.914,0.95197,0.95264,1.00,1.00
2017.01.31 22:48:28.037,0.95197,0.95258,1.00,1.00
2017.01.31 22:48:28.210,0.95197,0.9526,1.00,1.50
2017.01.31 22:48:29.039,0.95197,0.95261,1.00,1.00
2017.01.31 22:48:29.259,0.95197,0.95264,1.00,1.00
2017.01.31 22:48:29.914,0.95197,0.95265,1.00,1.50
2017.01.31 22:48:30.043,0.95197,0.95259,1.00,1.00
2017.01.31 22:48:36.052,0.95197,0.9526,1.00,1.00
2017.01.31 22:48:36.510,0.95197,0.95263,1.00,1.00
2017.01.31 22:48:37.626,0.95197,0.95259,1.00,1.00
2017.01.31 22:48:39.239,0.95197,0.9526,1.00,1.00
2017.01.31 22:48:41.631,0.95197,0.95257,1.00,1.00
2017.01.31 22:48:44.401,0.95197,0.95258,1.00,1.00
2017.01.31 22:48:49.417,0.95197,0.95257,1.00,1.00
2017.01.31 22:48:50.334,0.95197,0.95255,1.00,1.00
2017.01.31 22:48:51.546,0.95197,0.9526,1.00,1.00
2017.01.31 22:48:52.076,0.95197,0.95261,1.00,1.00
2017.01.31 22:48:54.121,0.95197,0.95255,1.00,1.00
2017.01.31 22:48:55.163,0.95197,0.95258,1.00,1.00
2017.01.31 22:48:55.431,0.95197,0.95262,1.00,1.50
2017.01.31 22:48:55.532,0.95197,0.95258,1.00,1.00
2017.01.31 22:48:59.493,0.95197,0.95262,1.00,1.00
2017.01.31 22:49:00.446,0.95197,0.9526,1.00,1.00
2017.01.31 22:49:01.256,0.95198,0.9526,1.00,1.00
2017.01.31 22:49:02.457,0.95198,0.95262,1.00,1.50
2017.01.31 22:49:03.456,0.95198,0.95258,1.00,1.00
2017.01.31 22:49:04.309,0.95198,0.9526,1.00,1.00
2017.01.31 22:49:05.406,0.95198,0.95261,1.00,1.00
2017.01.31 22:49:06.409,0.95198,0.95262,1.00,1.00
2017.01.31 22:49:12.603,0.95198,0.95258,1.00,1.00
2017.01.31 22:49:13.292,0.95198,0.95262,1.00,1.00
2017.01.31 22:49:14.023,0.95198,0.95263,1.00,1.12
2017.01.31 22:49:14.278,0.95198,0.95259,1.00,1.00
2017.01.31 22:49:19.326,0.95198,0.95263,1.00,1.00
2017.01.31 22:49:19.493,0.95198,0.95265,1.00,1.00
2017.01.31 22:49:20.348,0.95198,0.95259,1.00,1.00
2017.01.31 22:49:31.231,0.95197,0.95253,1.00,1.00
2017.01.31 22:49:54.033,0.95198,0.95252,1.00,1.00
2017.01.31 22:50:39.359,0.95202,0.95266,1.00,1.37
2017.01.31 22:50:39.753,0.95202,0.95272,1.00,1.00
2017.01.31 22:50:39.803,0.95205,0.95272,1.00,1.00
2017.01.31 22:50:41.877,0.95206,0.95272,1.00,1.00
2017.01.31 22:50:42.210,0.95203,0.95272,1.00,1.00
2017.01.31 22:50:44.872,0.95201,0.95272,1.00,1.00
2017.01.31 22:50:48.659,0.952,0.95272,1.00,1.00
2017.01.31 22:50:54.464,0.95203,0.95275,1.00,1.00
2017.01.31 22:50:54.932,0.95203,0.95277,1.00,1.50
2017.01.31 22:51:00.958,0.95203,0.95276,1.50,1.00
2017.01.31 22:51:01.567,0.95204,0.95277,1.00,1.50
2017.01.31 22:51:03.519,0.95203,0.95279,1.00,1.00
2017.01.31 22:51:03.965,0.95205,0.95277,1.00,1.00
2017.01.31 22:51:04.460,0.95203,0.95278,1.00,1.00
2017.01.31 22:51:04.667,0.95203,0.9528,1.00,1.00
2017.01.31 22:51:04.968,0.95204,0.95278,1.00,1.00
2017.01.31 22:51:05.660,0.95205,0.95281,1.00,1.00
2017.01.31 22:51:05.722,0.95206,0.95277,1.00,1.00
2017.01.31 22:51:07.688,0.95206,0.95279,1.00,1.00
2017.01.31 22:51:08.699,0.95206,0.95278,1.00,1.00
2017.01.31 22:51:15.775,0.95207,0.95279,1.00,1.00
2017.01.31 22:51:19.832,0.95207,0.95281,1.00,1.00
2017.01.31 22:51:20.742,0.95206,0.95282,1.00,1.00
2017.01.31 22:51:21.080,0.95207,0.95284,1.00,1.00
2017.01.31 22:51:23.937,0.95208,0.95281,1.00,1.00
2017.01.31 22:51:26.864,0.95203,0.95285,1.50,1.00
2017.01.31 22:51:34.251,0.95207,0.95286,1.00,1.00
2017.01.31 22:51:35.240,0.95203,0.95285,1.00,1.00
2017.01.31 22:51:36.430,0.95203,0.9528,1.00,1.00
2017.01.31 22:51:36.990,0.95203,0.95279,1.00,1.00
2017.01.31 22:51:38.244,0.95202,0.95281,1.50,1.00
2017.01.31 22:51:38.357,0.95201,0.95276,1.00,1.00
2017.01.31 22:51:38.508,0.952,0.95278,1.00,1.00
2017.01.31 22:51:38.559,0.95199,0.95276,1.00,1.00
2017.01.31 22:51:38.710,0.952,0.95278,1.00,1.00
2017.01.31 22:51:38.760,0.95199,0.95276,1.00,1.00
2017.01.31 22:51:38.911,0.952,0.95278,1.00,1.00
2017.01.31 22:51:39.012,0.952,0.95273,1.00,1.00
2017.01.31 22:51:39.080,0.95199,0.95279,1.00,1.50
2017.01.31 22:51:39.247,0.952,0.95274,1.00,1.00
2017.01.31 22:51:39.348,0.95201,0.95279,1.00,1.00
2017.01.31 22:51:40.091,0.95199,0.9528,1.00,1.00
2017.01.31 22:51:41.391,0.952,0.95278,1.00,1.00
2017.01.31 22:51:41.957,0.95203,0.95278,1.00,1.00
2017.01.31 22:51:44.595,0.95203,0.95276,1.00,1.00
2017.01.31 22:51:45.257,0.95202,0.95275,1.00,1.00
2017.01.31 22:51:45.764,0.95198,0.95275,1.50,1.00
2017.01.31 22:51:45.941,0.95199,0.95277,1.00,1.00
2017.01.31 22:51:45.991,0.95199,0.95275,1.00,1.00
2017.01.31 22:51:46.080,0.95198,0.95279,1.50,1.00
2017.01.31 22:51:47.681,0.95202,0.95278,1.00,1.00
2017.01.31 22:51:48.938,0.95198,0.95279,1.50,1.00
2017.01.31 22:51:50.871,0.95202,0.95278,1.00,1.00
2017.01.31 22:51:52.859,0.95202,0.95279,1.50,1.00
2017.01.31 22:51:53.281,0.95203,0.95281,1.50,1.00
2017.01.31 22:51:53.463,0.95203,0.95283,1.00,1.00
2017.01.31 22:51:54.255,0.95203,0.95282,1.00,1.00
2017.01.31 22:51:54.305,0.95203,0.95279,1.00,1.00
2017.01.31 22:51:54.456,0.95203,0.95282,1.00,1.00
2017.01.31 22:51:55.708,0.95203,0.95278,1.00,1.00
2017.01.31 22:51:55.863,0.95203,0.95281,1.00,1.00
2017.01.31 22:51:56.540,0.95203,0.95283,1.00,1.00
2017.01.31 22:52:04.641,0.95203,0.95282,1.00,1.00
2017.01.31 22:52:06.393,0.95203,0.9528,1.00,1.00
2017.01.31 22:52:06.937,0.952,0.95272,1.00,1.00
2017.01.31 22:52:07.368,0.95202,0.95273,1.00,1.00
2017.01.31 22:52:08.359,0.95199,0.95273,1.00,1.00
2017.01.31 22:52:10.337,0.95202,0.95273,1.00,1.00
2017.01.31 22:52:12.291,0.95203,0.95271,1.00,1.00
2017.01.31 22:52:13.168,0.95202,0.95277,1.00,1.00
2017.01.31 22:52:13.708,0.95203,0.95278,1.00,1.00
2017.01.31 22:52:14.336,0.95203,0.95277,1.00,1.00
2017.01.31 22:52:15.376,0.952,0.95277,1.00,1.00
2017.01.31 22:52:17.365,0.95203,0.95277,1.00,1.00
2017.01.31 22:52:19.135,0.95203,0.95276,1.00,1.00
2017.01.31 22:52:22.383,0.95199,0.95277,1.00,1.00
2017.01.31 22:52:26.394,0.95201,0.95277,1.00,1.00
2017.01.31 22:52:32.254,0.95202,0.95278,1.00,1.00
2017.01.31 22:52:32.764,0.95204,0.9528,1.00,1.00
2017.01.31 22:52:33.751,0.95204,0.95277,1.00,1.00
2017.01.31 22:52:34.752,0.95204,0.95278,1.00,1.00
2017.01.31 22:52:38.458,0.95204,0.95274,1.00,1.00
2017.01.31 22:52:38.594,0.95203,0.95276,1.00,1.00
2017.01.31 22:52:39.454,0.95202,0.95278,1.00,1.00
2017.01.31 22:52:39.844,0.95202,0.95275,1.00,1.00
2017.01.31 22:52:40.259,0.95218,0.95278,1.00,1.00
2017.01.31 22:52:40.597,0.9523,0.95279,1.00,1.00
2017.01.31 22:52:41.365,0.95235,0.95279,1.00,1.00
2017.01.31 22:52:41.416,0.95225,0.95279,1.00,1.00
2017.01.31 22:52:41.634,0.95228,0.95278,1.00,1.00
2017.01.31 22:52:42.141,0.95229,0.95282,1.00,1.00
2017.01.31 22:52:42.952,0.95228,0.95281,1.00,1.00
2017.01.31 22:52:46.755,0.95231,0.95282,1.00,1.00
2017.01.31 22:52:47.127,0.9523,0.95279,1.00,1.00
2017.01.31 22:52:47.222,0.95229,0.95283,1.00,1.00
2017.01.31 22:52:49.194,0.95229,0.95284,1.00,1.00
2017.01.31 22:52:49.695,0.95228,0.95285,1.00,1.00
2017.01.31 22:52:50.559,0.95229,0.95282,1.00,1.00
2017.01.31 22:52:50.610,0.95231,0.95287,1.00,1.00
2017.01.31 22:52:50.761,0.9523,0.95284,1.00,1.00
2017.01.31 22:52:51.013,0.9523,0.95287,1.00,1.00
2017.01.31 22:52:51.164,0.95229,0.95284,1.00,1.00
2017.01.31 22:52:51.556,0.9523,0.9528,1.00,1.00
2017.01.31 22:52:52.319,0.95227,0.95284,1.00,1.00
2017.01.31 22:52:53.286,0.95229,0.95282,1.00,1.00
2017.01.31 22:52:53.832,0.95229,0.95286,1.00,1.00
2017.01.31 22:52:53.882,0.95231,0.95287,1.00,1.00
2017.01.31 22:53:01.084,0.9523,0.95289,1.00,1.00
2017.01.31 22:53:06.571,0.95231,0.95287,1.00,1.00
2017.01.31 22:53:09.859,0.95231,0.95285,1.00,1.00
2017.01.31 22:53:10.237,0.95229,0.95281,1.00,1.00
2017.01.31 22:53:10.880,0.95228,0.95279,1.00,1.00
2017.01.31 22:53:15.863,0.95228,0.95278,1.00,1.00
2017.01.31 22:53:16.816,0.95229,0.95282,1.00,1.00
2017.01.31 22:53:17.760,0.95227,0.95278,1.00,1.00
2017.01.31 22:53:18.280,0.95227,0.95277,1.00,1.00
2017.01.31 22:53:19.254,0.95228,0.95277,1.00,1.00
2017.01.31 22:53:19.803,0.95225,0.95277,1.00,1.00
2017.01.31 22:53:24.342,0.95225,0.95276,1.00,1.00
2017.01.31 22:53:27.304,0.95226,0.95278,1.00,1.00
2017.01.31 22:53:27.405,0.95224,0.95277,1.00,1.00
2017.01.31 22:53:28.007,0.95223,0.95275,1.00,1.00
2017.01.31 22:53:28.314,0.95224,0.95277,1.00,1.00
2017.01.31 22:53:29.010,0.95224,0.95278,1.00,1.00
2017.01.31 22:53:29.222,0.95225,0.9528,1.00,1.00
2017.01.31 22:53:30.201,0.95225,0.95279,1.00,1.00
2017.01.31 22:53:34.285,0.95226,0.95279,1.00,1.00
2017.01.31 22:53:35.049,0.95228,0.95279,1.00,1.00
2017.01.31 22:53:44.375,0.95233,0.95279,1.00,1.00
2017.01.31 22:53:45.924,0.95233,0.9528,1.00,1.00
2017.01.31 22:53:46.635,0.95233,0.95279,1.00,1.00
2017.01.31 22:53:47.812,0.95233,0.9528,1.00,1.00
2017.01.31 22:53:48.335,0.95233,0.95281,1.00,1.00
2017.01.31 22:53:49.200,0.95233,0.95279,1.00,1.00
2017.01.31 22:53:49.464,0.95233,0.95281,1.00,1.00
2017.01.31 22:53:49.700,0.95233,0.95279,1.00,1.00
2017.01.31 22:53:50.203,0.95233,0.95282,1.00,1.50
2017.01.31 22:53:50.291,0.95232,0.95277,1.00,1.00
2017.01.31 22:53:50.342,0.95229,0.95277,1.00,1.50
2017.01.31 22:53:50.393,0.95228,0.95271,1.50,1.00
2017.01.31 22:53:51.174,0.95228,0.95273,1.00,1.00
2017.01.31 22:53:51.589,0.95227,0.95271,1.00,1.00
2017.01.31 22:53:52.630,0.95227,0.95272,1.00,1.00
2017.01.31 22:53:55.109,0.95227,0.9527,1.00,1.00
2017.01.31 22:53:56.266,0.95227,0.95268,1.00,1.00
2017.01.31 22:53:56.603,0.95228,0.95266,1.00,1.00
2017.01.31 22:53:57.096,0.95228,0.95269,1.00,1.00
2017.01.31 22:53:57.146,0.95233,0.95269,1.00,1.00
2017.01.31 22:53:57.278,0.95233,0.95273,1.00,1.00
2017.01.31 22:53:58.054,0.95232,0.95273,1.00,1.00
2017.01.31 22:53:58.596,0.95232,0.95275,1.00,1.00
2017.01.31 22:53:59.374,0.95232,0.95274,1.00,1.00
2017.01.31 22:53:59.609,0.95232,0.95276,1.00,1.00
2017.01.31 22:53:59.747,0.95232,0.95274,1.00,1.00
2017.01.31 22:54:00.364,0.95232,0.95275,1.00,1.00
2017.01.31 22:54:00.914,0.95232,0.95276,1.00,1.00
2017.01.31 22:54:04.375,0.95232,0.95277,1.00,1.00
2017.01.31 22:54:04.832,0.95228,0.95277,1.00,1.00
2017.01.31 22:54:05.136,0.95228,0.95275,1.00,1.00
2017.01.31 22:54:06.691,0.95228,0.95277,1.00,1.00
2017.01.31 22:54:07.694,0.95228,0.95278,1.00,1.00
2017.01.31 22:54:08.717,0.95228,0.95277,1.00,1.00
2017.01.31 22:54:10.672,0.95228,0.95276,1.00,1.00
2017.01.31 22:54:16.334,0.95228,0.95277,1.00,1.00
2017.01.31 22:54:18.449,0.95228,0.95278,1.00,1.00
2017.01.31 22:54:23.648,0.95228,0.95275,1.00,1.00
2017.01.31 22:54:24.205,0.95228,0.95276,1.00,1.00
2017.01.31 22:54:27.664,0.95228,0.95277,1.00,1.00
2017.01.31 22:54:27.715,0.95215,0.95273,1.00,1.00
2017.01.31 22:54:27.765,0.95215,0.95264,1.00,1.00
2017.01.31 22:54:28.067,0.95208,0.95252,1.00,1.00
2017.01.31 22:54:28.429,0.95211,0.95253,1.00,1.00
2017.01.31 22:54:29.017,0.95211,0.95254,1.00,1.00
2017.01.31 22:54:30.508,0.95209,0.95254,1.00,1.00
2017.01.31 22:54:30.558,0.95213,0.95255,1.00,1.00
2017.01.31 22:54:30.710,0.95213,0.95259,1.00,1.00
2017.01.31 22:54:30.810,0.95212,0.95273,1.00,1.37
2017.01.31 22:54:31.591,0.95212,0.95274,1.00,1.00
2017.01.31 22:54:31.936,0.95212,0.95276,1.00,1.00
2017.01.31 22:54:32.397,0.95213,0.95274,1.00,1.00
2017.01.31 22:54:34.905,0.95212,0.95274,1.00,1.00
2017.01.31 22:54:37.576,0.95212,0.95273,1.00,1.00
2017.01.31 22:54:37.878,0.95217,0.95266,1.00,1.00
2017.01.31 22:54:38.679,0.95217,0.95269,1.00,1.00
2017.01.31 22:54:40.888,0.95217,0.9527,1.00,1.00
2017.01.31 22:54:42.207,0.95217,0.95272,1.00,1.00
2017.01.31 22:54:43.179,0.95217,0.95273,1.00,1.00
2017.01.31 22:54:52.586,0.95217,0.95276,1.00,1.00
2017.01.31 22:54:57.566,0.95217,0.95275,1.00,1.00
2017.01.31 22:54:57.617,0.95217,0.95273,1.00,1.00
2017.01.31 22:55:06.088,0.95217,0.95274,1.00,1.00
2017.01.31 22:55:06.811,0.95217,0.95275,1.00,1.00
2017.01.31 22:55:10.477,0.95217,0.95274,1.00,1.00
2017.01.31 22:55:17.763,0.95218,0.95274,1.00,1.00
2017.01.31 22:55:18.123,0.95213,0.95274,1.00,1.00
2017.01.31 22:55:18.174,0.95214,0.95276,1.00,1.00
2017.01.31 22:55:19.213,0.95218,0.95276,1.00,1.00
2017.01.31 22:55:19.793,0.95218,0.95275,1.00,1.00
2017.01.31 22:55:20.582,0.95218,0.95276,1.00,1.00
2017.01.31 22:55:24.593,0.95218,0.95277,1.00,1.00
2017.01.31 22:55:34.532,0.95218,0.95276,1.00,1.00
2017.01.31 22:55:35.076,0.95218,0.95277,1.50,1.00
2017.01.31 22:55:36.698,0.95218,0.95276,1.50,1.00
2017.01.31 22:55:41.786,0.95218,0.95278,1.50,1.00
2017.01.31 22:55:49.564,0.95219,0.95276,1.00,1.00
2017.01.31 22:55:52.536,0.95218,0.95277,1.00,1.00
2017.01.31 22:56:15.256,0.95223,0.95278,1.00,1.00
2017.01.31 22:56:15.367,0.95223,0.9528,1.00,1.00
2017.01.31 22:56:16.109,0.95223,0.95279,1.00,1.00
2017.01.31 22:56:22.485,0.95223,0.9528,1.00,1.00
2017.01.31 22:56:28.218,0.9522,0.95277,1.00,1.00
2017.01.31 22:56:29.812,0.95218,0.95277,1.00,1.00
2017.01.31 22:56:30.142,0.9522,0.95277,1.00,1.00
2017.01.31 22:56:30.751,0.95221,0.95277,1.00,1.00
2017.01.31 22:56:31.585,0.95218,0.95277,1.50,1.00
2017.01.31 22:56:32.313,0.95219,0.95277,1.00,1.00
2017.01.31 22:56:39.150,0.95218,0.95277,1.50,1.00
2017.01.31 22:56:54.773,0.95219,0.95277,1.00,1.00
2017.01.31 22:57:08.372,0.95221,0.95277,1.00,1.00
2017.01.31 22:57:08.423,0.95221,0.9528,1.00,1.00
2017.01.31 22:57:08.473,0.95223,0.95279,1.00,1.00
2017.01.31 22:57:08.675,0.95223,0.95286,1.00,1.00
2017.01.31 22:57:09.625,0.95225,0.95285,1.00,1.00
2017.01.31 22:57:10.237,0.95226,0.95285,1.00,1.00
2017.01.31 22:57:10.751,0.95227,0.95286,1.00,1.00
2017.01.31 22:57:10.802,0.95223,0.95285,1.00,1.00
2017.01.31 22:57:11.278,0.95223,0.95287,1.50,1.50
2017.01.31 22:57:11.429,0.95216,0.95283,1.00,1.00
2017.01.31 22:57:11.530,0.95213,0.95282,1.87,1.00
2017.01.31 22:57:11.631,0.95218,0.95282,1.00,1.00
2017.01.31 22:57:11.995,0.95222,0.95282,1.00,1.00
2017.01.31 22:57:12.411,0.95225,0.95282,1.00,1.00
2017.01.31 22:57:14.292,0.95223,0.95282,1.00,1.00
2017.01.31 22:57:20.079,0.95225,0.95282,1.00,1.00
2017.01.31 22:57:22.081,0.95226,0.95282,1.00,1.00
2017.01.31 22:57:24.371,0.95225,0.95282,1.00,1.00
2017.01.31 22:57:34.765,0.95226,0.95282,1.00,1.00
2017.01.31 22:57:35.266,0.95224,0.95282,1.00,1.00
2017.01.31 22:57:37.884,0.95223,0.95282,1.00,1.00
2017.01.31 22:57:38.856,0.95225,0.95282,1.00,1.00
2017.01.31 22:57:40.269,0.95227,0.95282,1.00,1.00
2017.01.31 22:57:41.930,0.95227,0.95287,1.00,1.00
2017.01.31 22:57:42.031,0.95225,0.95287,1.00,1.50
2017.01.31 22:57:42.241,0.95225,0.95282,1.00,1.50
2017.01.31 22:57:42.459,0.95224,0.95287,1.00,1.50
2017.01.31 22:57:42.882,0.95226,0.95287,1.00,1.50
2017.01.31 22:57:50.296,0.95224,0.95287,1.00,1.00
2017.01.31 22:57:55.607,0.95223,0.95287,1.00,1.50
2017.01.31 22:57:55.672,0.95223,0.9528,1.00,1.00
2017.01.31 22:57:55.974,0.95223,0.95278,1.00,1.00
2017.01.31 22:57:56.318,0.95222,0.95276,1.50,1.00
2017.01.31 22:57:56.658,0.95223,0.95273,1.00,1.00
2017.01.31 22:57:57.010,0.95223,0.95271,1.00,1.00
2017.01.31 22:57:57.959,0.95223,0.95268,1.00,1.00
2017.01.31 22:57:58.436,0.95223,0.95264,1.00,1.00
2017.01.31 22:57:58.948,0.95222,0.95263,1.00,1.00
2017.01.31 22:58:00.210,0.95219,0.95265,1.00,1.00
2017.01.31 22:58:00.261,0.95217,0.95265,1.00,1.00
2017.01.31 22:58:00.362,0.95214,0.95265,1.00,1.00
2017.01.31 22:58:00.959,0.95215,0.95262,1.00,1.00
2017.01.31 22:58:01.279,0.95215,0.95258,1.00,1.00
2017.01.31 22:58:01.791,0.95213,0.95256,1.00,1.00
2017.01.31 22:58:03.380,0.95215,0.9526,1.00,1.00
2017.01.31 22:58:03.481,0.95214,0.95256,1.00,1.00
2017.01.31 22:58:04.825,0.95215,0.95256,1.00,1.00
2017.01.31 22:58:07.189,0.95214,0.95256,1.00,1.00
2017.01.31 22:58:14.260,0.95212,0.95256,1.00,1.00
2017.01.31 22:58:14.428,0.95212,0.95251,1.00,1.00
2017.01.31 22:58:15.960,0.95213,0.95256,1.00,1.00
2017.01.31 22:58:16.011,0.95212,0.95264,1.00,1.00
2017.01.31 22:58:16.061,0.95214,0.95258,1.00,1.00
2017.01.31 22:58:16.689,0.95212,0.95249,1.00,1.00
2017.01.31 22:58:17.436,0.95213,0.9525,1.00,1.00
2017.01.31 22:58:19.910,0.95213,0.95253,1.00,1.00
2017.01.31 22:58:19.983,0.95214,0.95264,1.00,1.00
2017.01.31 22:58:20.084,0.95214,0.95252,1.00,1.00
2017.01.31 22:58:21.342,0.95212,0.95246,1.00,1.00
2017.01.31 22:58:21.668,0.9521,0.95246,1.00,1.00
2017.01.31 22:58:21.719,0.95209,0.9525,1.00,1.00
2017.01.31 22:58:21.819,0.95209,0.95254,1.00,1.00
2017.01.31 22:58:21.920,0.95211,0.95257,1.00,1.00
2017.01.31 22:58:22.021,0.95209,0.95253,1.00,1.00
2017.01.31 22:58:22.343,0.95212,0.95252,1.00,1.00
2017.01.31 22:58:22.718,0.95216,0.95254,1.00,1.00
2017.01.31 22:58:22.960,0.95213,0.95259,1.00,1.00
2017.01.31 22:58:23.111,0.95211,0.95254,1.00,1.00
2017.01.31 22:58:23.309,0.95215,0.95264,1.00,1.00
2017.01.31 22:58:23.937,0.95219,0.95266,1.00,1.00
2017.01.31 22:58:24.026,0.9522,0.95273,1.00,1.00
2017.01.31 22:58:24.077,0.95218,0.95262,1.00,1.00
2017.01.31 22:58:24.960,0.95219,0.95264,1.00,1.00
2017.01.31 22:58:25.011,0.95217,0.95277,1.00,1.00
2017.01.31 22:58:25.061,0.95217,0.95272,1.00,1.00
2017.01.31 22:58:25.576,0.95218,0.95261,1.00,1.00
2017.01.31 22:58:25.633,0.95217,0.95265,1.00,1.00
2017.01.31 22:58:25.783,0.9522,0.95273,1.00,1.00
2017.01.31 22:58:25.895,0.9522,0.95279,1.00,1.00
2017.01.31 22:58:25.946,0.9522,0.95277,1.00,1.50
2017.01.31 22:58:26.149,0.95224,0.95284,1.00,1.00
2017.01.31 22:58:26.199,0.95225,0.95282,1.00,1.00
2017.01.31 22:58:26.250,0.95223,0.95288,1.00,1.00
2017.01.31 22:58:26.864,0.95224,0.95293,1.00,1.00
2017.01.31 22:58:26.914,0.95224,0.95289,1.00,1.00
2017.01.31 22:58:26.965,0.95223,0.95294,1.00,1.00
2017.01.31 22:58:27.063,0.95223,0.95283,1.00,1.00
2017.01.31 22:58:27.214,0.95215,0.95283,1.00,1.00
2017.01.31 22:58:27.810,0.95219,0.95285,1.00,1.00
2017.01.31 22:58:27.911,0.95222,0.95299,1.00,1.37
2017.01.31 22:58:27.962,0.95222,0.95291,1.00,1.00
2017.01.31 22:58:28.268,0.95218,0.95281,1.00,1.00
2017.01.31 22:58:28.318,0.95219,0.95285,1.00,1.00
2017.01.31 22:58:28.947,0.95219,0.95282,1.00,1.00
2017.01.31 22:58:29.293,0.95217,0.95278,1.00,1.00
2017.01.31 22:58:29.599,0.95215,0.95274,1.00,1.00
2017.01.31 22:58:29.652,0.95217,0.95278,1.00,1.00
2017.01.31 22:58:30.072,0.95215,0.95274,1.00,1.00
2017.01.31 22:58:30.122,0.95217,0.95278,1.00,1.00
2017.01.31 22:58:30.292,0.95216,0.95275,1.00,1.00
2017.01.31 22:58:30.639,0.95216,0.95272,1.00,1.00
2017.01.31 22:58:30.957,0.95214,0.95269,1.00,1.00
2017.01.31 22:58:33.375,0.95216,0.95267,1.00,1.00
2017.01.31 22:58:34.348,0.95215,0.95266,1.00,1.00
2017.01.31 22:58:34.903,0.95216,0.95267,1.00,1.00
2017.01.31 22:58:35.999,0.95215,0.95266,1.00,1.00
2017.01.31 22:58:36.609,0.95216,0.95267,1.00,1.00
2017.01.31 22:58:37.362,0.95215,0.95266,1.00,1.00
2017.01.31 22:58:38.895,0.95214,0.95263,1.00,1.00
2017.01.31 22:58:39.210,0.95215,0.95259,1.00,1.00
2017.01.31 22:58:41.338,0.95211,0.95258,1.00,1.00
2017.01.31 22:58:42.343,0.95213,0.95258,1.00,1.00
2017.01.31 22:58:43.437,0.95213,0.95257,1.00,1.00
2017.01.31 22:58:44.259,0.95211,0.95255,1.00,1.00
2017.01.31 22:58:44.511,0.95208,0.95254,1.00,1.00
2017.01.31 22:58:44.612,0.95212,0.95254,1.00,1.00
2017.01.31 22:58:50.416,0.95213,0.95254,1.00,1.00
2017.01.31 22:58:58.473,0.95209,0.95255,1.00,1.00
2017.01.31 22:58:59.874,0.95211,0.95256,1.00,1.00
2017.01.31 22:59:05.310,0.95213,0.95257,1.00,1.00
2017.01.31 22:59:05.655,0.95215,0.95255,1.00,1.00
2017.01.31 22:59:06.290,0.95213,0.95255,1.00,1.00
2017.01.31 22:59:07.292,0.95213,0.95256,1.00,1.00
2017.01.31 22:59:07.810,0.95213,0.95255,1.00,1.00
2017.01.31 22:59:08.367,0.95214,0.95255,1.00,1.00
2017.01.31 22:59:08.794,0.95212,0.95255,1.00,1.00
2017.01.31 22:59:08.845,0.95214,0.95258,1.00,1.00
2017.01.31 22:59:08.946,0.95213,0.95255,1.00,1.00
2017.01.31 22:59:10.010,0.95207,0.95252,1.50,1.00
2017.01.31 22:59:10.111,0.95207,0.9525,1.00,1.00
2017.01.31 22:59:11.609,0.95207,0.95254,1.00,1.00
2017.01.31 22:59:14.088,0.95207,0.95256,1.00,1.00
2017.01.31 22:59:25.816,0.95212,0.95248,1.00,1.00
2017.01.31 22:59:25.968,0.95193,0.95244,1.00,1.00
2017.01.31 22:59:26.069,0.9519,0.95241,1.00,1.00
2017.01.31 22:59:26.270,0.95182,0.95241,1.12,1.00
2017.01.31 22:59:26.371,0.95179,0.95232,1.37,1.00
2017.01.31 22:59:27.089,0.95179,0.95232,1.00,1.00
2017.01.31 22:59:28.190,0.95177,0.95236,1.00,1.00
2017.01.31 22:59:29.023,0.9518,0.95235,1.00,1.00
2017.01.31 22:59:30.344,0.95181,0.95242,1.00,1.00
2017.01.31 22:59:30.395,0.95183,0.95247,1.00,1.00
2017.01.31 22:59:30.446,0.95181,0.95253,1.00,1.00
2017.01.31 22:59:30.547,0.95179,0.95256,1.00,1.00
2017.01.31 22:59:31.384,0.9518,0.95257,1.00,1.00
2017.01.31 22:59:31.801,0.95178,0.95258,1.50,1.00
2017.01.31 22:59:33.679,0.95179,0.9526,1.00,1.00
2017.01.31 22:59:34.075,0.95181,0.95265,1.00,1.37
2017.01.31 22:59:34.408,0.95186,0.95265,1.00,1.00
2017.01.31 22:59:34.710,0.95185,0.95256,1.00,1.00
2017.01.31 22:59:35.546,0.95186,0.95255,1.00,1.00
2017.01.31 22:59:36.563,0.95189,0.95255,1.00,1.00
2017.01.31 22:59:37.559,0.95188,0.95253,1.00,1.00
2017.01.31 22:59:37.989,0.95188,0.95247,1.00,1.00
2017.01.31 22:59:38.560,0.95187,0.95246,1.00,1.00
2017.01.31 22:59:38.979,0.95187,0.95242,1.00,1.00
2017.01.31 22:59:39.549,0.95188,0.95242,1.00,1.00
2017.01.31 22:59:39.970,0.95187,0.95237,1.00,1.00
2017.01.31 22:59:40.191,0.95183,0.95241,1.00,1.00
2017.01.31 22:59:40.681,0.95183,0.95238,1.00,1.00
2017.01.31 22:59:41.218,0.95184,0.95238,1.00,1.00
2017.01.31 22:59:41.816,0.95183,0.95237,1.00,1.00
2017.01.31 22:59:42.331,0.95187,0.95237,1.00,1.00
2017.01.31 22:59:42.993,0.95186,0.95238,1.00,1.00
2017.01.31 22:59:43.468,0.95185,0.95236,1.00,1.00
2017.01.31 22:59:44.412,0.95186,0.95237,1.00,1.00
2017.01.31 22:59:44.973,0.95187,0.95237,1.00,1.00
2017.01.31 22:59:45.122,0.95182,0.95239,1.00,1.00
2017.01.31 22:59:45.295,0.95182,0.95241,1.50,1.00
2017.01.31 22:59:45.886,0.95182,0.9524,1.00,1.00
2017.01.31 22:59:46.387,0.95182,0.95241,1.50,1.00
2017.01.31 22:59:46.890,0.95182,0.95242,1.00,1.00
2017.01.31 22:59:47.439,0.95182,0.95241,1.00,1.00
2017.01.31 22:59:47.961,0.95182,0.9524,1.00,1.00
2017.01.31 22:59:48.338,0.95182,0.95242,1.00,1.00
2017.01.31 22:59:48.896,0.95182,0.9524,1.00,1.00
2017.01.31 22:59:49.111,0.95182,0.95242,1.00,1.00
2017.01.31 22:59:49.368,0.95182,0.9524,1.00,1.00
2017.01.31 22:59:50.036,0.95182,0.95241,1.00,1.00
2017.01.31 22:59:51.078,0.95182,0.95243,1.50,1.00
2017.01.31 22:59:51.375,0.95182,0.95239,1.00,1.00
2017.01.31 22:59:53.308,0.95182,0.95238,1.00,1.00
2017.01.31 22:59:53.595,0.95182,0.95241,1.50,1.00
2017.01.31 22:59:58.467,0.95183,0.9524,1.00,1.00
2017.01.31 22:59:59.076,0.95184,0.9524,1.00,1.00
